[{"production_cost":425000000,"public_rating":7.9,"director":"James Cameron","description":"A paraplegic Marine dispatched to the moon Pandora on a unique mission becomes torn between following his orders and protecting the world he feels is his home.","runtime":162,"title":"Avatar","critic_rating":83,"actor_names":["Sam Worthington","Zoe Saldana","Sigourney Weaver","Stephen Lang"],"foreign_revenue":2783918982,"release_date":"12/18/2009","genre":["Action","Adventure","Fantasy"],"domestic_revenue":760507625,"poster":"http://ia.media-imdb.com/images/M/MV5BMTYwOTEwNjAzMl5BMl5BanBnXkFtZTcwODc5MTUwMw@@._V1_SX300.jpg"},
{"production_cost":300000000,"public_rating":7.1,"director":"Gore Verbinski","description":"Captain Barbossa, Will Turner and Elizabeth Swann must sail off the edge of the map, navigate treachery and betrayal, and make their final alliances for one last decisive battle.","runtime":169,"title":"Pirates of the Caribbean: At World's End","critic_rating":45,"actor_names":["Johnny Depp","Geoffrey Rush","Orlando Bloom","Keira Knightley"],"foreign_revenue":960996492,"release_date":"05/24/2007","genre":["Action","Adventure","Fantasy"],"domestic_revenue":309420425,"poster":"http://ia.media-imdb.com/images/M/MV5BMjIyNjkxNzEyMl5BMl5BanBnXkFtZTYwMjc3MDE3._V1_SX300.jpg"},
{"production_cost":275000000,"public_rating":8.6,"director":"Christopher Nolan","description":"When Bane, a former member of the League of Shadows, plans to continue the work of Ra's al Ghul, the Dark Knight is forced to return after an eight year absence to stop him.","runtime":165,"title":"The Dark Knight Rises","critic_rating":88,"actor_names":["Christian Bale","Gary Oldman","Tom Hardy","Joseph Gordon-Levitt"],"foreign_revenue":1079343943,"release_date":"07/20/2012","genre":["Action","Adventure"],"domestic_revenue":448139099,"poster":"http://ia.media-imdb.com/images/M/MV5BMTk4ODQzNDY3Ml5BMl5BanBnXkFtZTcwODA0NTM4Nw@@._V1_SX300.jpg"},
{"production_cost":275000000,"public_rating":6.5,"director":"Gore Verbinski","description":"Native American warrior Tonto recounts the untold tales that transformed John Reid, a man of the law, into a legend of justice.","runtime":149,"title":"The Lone Ranger","critic_rating":31,"actor_names":["Johnny Depp","Armie Hammer","William Fichtner","Tom Wilkinson"],"foreign_revenue":259989910,"release_date":"07/02/2013","genre":["Action","Adventure","Western"],"domestic_revenue":89289910,"poster":"http://ia.media-imdb.com/images/M/MV5BMjI3Mjk5MTUxOV5BMl5BanBnXkFtZTcwNTMyNzY3OQ@@._V1_SX300.jpg"},
{"production_cost":275000000,"public_rating":6.6,"director":"Andrew Stanton","description":"Transplanted to Mars, a Civil War vet discovers a lush planet inhabited by 12-foot tall barbarians. Finding himself a prisoner of these creatures, he escapes, only to encounter a princess who is in desperate need of a savior.","runtime":132,"title":"John Carter","critic_rating":51,"actor_names":["Taylor Kitsch","Lynn Collins","Samantha Morton","Willem Dafoe"],"foreign_revenue":282778100,"release_date":"03/09/2012","genre":["Action","Adventure","Fantasy"],"domestic_revenue":73058679,"poster":"http://ia.media-imdb.com/images/M/MV5BNjkyOTI5MDA0Ml5BMl5BanBnXkFtZTcwOTU3NzExNw@@._V1_SX300.jpg"},
{"production_cost":260000000,"public_rating":7.9,"director":"Nathan Greno, Byron Howard","description":"The magically long-haired Rapunzel has spent her entire life in a tower, but now that a runaway thief has stumbled upon her, she is about to discover the world for the first time, and who she really is.","runtime":100,"title":"Tangled","critic_rating":89,"actor_names":["Mandy Moore","Zachary Levi","Donna Murphy","Ron Perlman"],"foreign_revenue":586581936,"release_date":"11/24/2010","genre":["Animation","Comedy","Family"],"domestic_revenue":200821936,"poster":"http://ia.media-imdb.com/images/M/MV5BMTAxNDYxMjg0MjNeQTJeQWpwZ15BbWU3MDcyNTk2OTM@._V1_SX300.jpg"},
{"production_cost":258000000,"public_rating":6.2,"director":"Sam Raimi","description":"A strange black entity from another world bonds with Peter Parker and causes inner turmoil as he contends with new villains, temptations, and revenge.","runtime":139,"title":"Spider-Man 3","critic_rating":63,"actor_names":["Tobey Maguire","Kirsten Dunst","James Franco","Thomas Haden Church"],"foreign_revenue":890875303,"release_date":"05/04/2007","genre":["Action","Adventure"],"domestic_revenue":336530303,"poster":"http://ia.media-imdb.com/images/M/MV5BODUwMDc5Mzc5M15BMl5BanBnXkFtZTcwNDgzOTY0MQ@@._V1_SX300.jpg"},
{"production_cost":250000000,"public_rating":8,"director":"Peter Jackson","description":"A reluctant hobbit, Bilbo Baggins, sets out to the Lonely Mountain with a spirited group of dwarves to reclaim their mountain home - and the gold within it - from the dragon Smaug.","runtime":169,"title":"The Hobbit: An Unexpected Journey","critic_rating":64,"actor_names":["Ian Mc Kellen","Martin Freeman","Richard Armitage","Ken Stott"],"foreign_revenue":1014703568,"release_date":"12/14/2012","genre":["Adventure","Fantasy"],"domestic_revenue":303003568,"poster":"http://ia.media-imdb.com/images/M/MV5BMTcwNTE4MTUxMl5BMl5BanBnXkFtZTcwMDIyODM4OA@@._V1_SX300.jpg"},
{"production_cost":250000000,"public_rating":7.5,"director":"David Yates","description":"As Harry Potter begins his sixth year at Hogwarts, he discovers an old book marked as the property of the Half-Blood Prince","runtime":153,"title":"Harry Potter and the Half-Blood Prince","critic_rating":84,"actor_names":["Daniel Radcliffe","Michael Gambon","Dave Legeno","Elarica Gallacher"],"foreign_revenue":934416487,"release_date":"07/15/2009","genre":["Adventure","Family","Fantasy"],"domestic_revenue":301959197,"poster":"http://ia.media-imdb.com/images/M/MV5BNzU3NDg4NTAyNV5BMl5BanBnXkFtZTcwOTg2ODg1Mg@@._V1_SX300.jpg"},
{"production_cost":250000000,"public_rating":8,"director":"Peter Jackson","description":"The dwarves, along with Bilbo Baggins and Gandalf the Grey, continue their quest to reclaim Erebor, their homeland, from Smaug. Bilbo Baggins is in possession of a mysterious and magical ring.","runtime":161,"title":"The Hobbit: The Desolation of Smaug","critic_rating":74,"actor_names":["Ian Mc Kellen","Martin Freeman","Richard Armitage","Ken Stott"],"foreign_revenue":950466855,"release_date":"12/13/2013","genre":["Adventure","Fantasy"],"domestic_revenue":258366855,"poster":"http://ia.media-imdb.com/images/M/MV5BMzU0NDY0NDEzNV5BMl5BanBnXkFtZTgwOTIxNDU1MDE@._V1_SX300.jpg"},
{"production_cost":250000000,"public_rating":6.7,"director":"Rob Marshall","description":"Jack Sparrow and Barbossa embark on a quest to find the elusive fountain of youth, only to discover that Blackbeard and his daughter are after it too.","runtime":136,"title":"Pirates of the Caribbean: On Stranger Tides","critic_rating":33,"actor_names":["Johnny Depp","Penelope Cruz","Geoffrey Rush","Ian Mc Shane"],"foreign_revenue":1043663875,"release_date":"05/20/2011","genre":["Action","Adventure","Fantasy"],"domestic_revenue":241063875,"poster":"http://ia.media-imdb.com/images/M/MV5BMjE5MjkwODI3Nl5BMl5BanBnXkFtZTcwNjcwMDk4NA@@._V1_SX300.jpg"},
{"production_cost":232000000,"public_rating":6.1,"director":"Bryan Singer","description":"After a long overlooking of his race's planet, the world suddenly gets astounded after Superman's reappearance. However, a rising foe then threatens to bring the USA to global domination using the Man of Steel's prior weakness.","runtime":154,"title":"Superman Returns","critic_rating":76,"actor_names":["Brandon Routh","Kate Bosworth","Kevin Spacey","James Marsden"],"foreign_revenue":390874000,"release_date":"06/28/2006","genre":["Action","Adventure","Fantasy"],"domestic_revenue":200120000,"poster":"http://ia.media-imdb.com/images/M/MV5BMTU3NzA5MjI0Nl5BMl5BanBnXkFtZTcwMTEwNzMzMQ@@._V1_SX300.jpg"},
{"production_cost":230000000,"public_rating":6.7,"director":"Marc Forster","description":"James Bond descends into mystery as he tries to stop a mysterious organization from eliminating a country's most valuable resource. All the while, he still tries to seek revenge over the death of his love.","runtime":106,"title":"Quantum of Solace","critic_rating":64,"actor_names":["Daniel Craig","Olga Kurylenko","Mathieu Amalric","Judi Dench"],"foreign_revenue":591692078,"release_date":"11/14/2008","genre":["Action","Adventure","Thriller"],"domestic_revenue":169368427,"poster":"http://ia.media-imdb.com/images/M/MV5BMTY0MjI4MDI5MF5BMl5BanBnXkFtZTcwODkwNjk3MQ@@._V1_SX300.jpg"},
{"production_cost":225000000,"public_rating":8.2,"director":"Joss Whedon","description":"Earth's mightiest heroes must come together and learn to fight as a team if they are to stop the mischievous Loki and his alien army from enslaving humanity.","runtime":143,"title":"The Avengers","critic_rating":92,"actor_names":["Robert Downey Jr.","Chris Evans","Mark Ruffalo","Chris Hemsworth"],"foreign_revenue":1514279547,"release_date":"05/04/2012","genre":["Action","Adventure","Sci-Fi"],"domestic_revenue":623279547,"poster":"http://ia.media-imdb.com/images/M/MV5BMTk2NTI1MTU4N15BMl5BanBnXkFtZTcwODg0OTY0Nw@@._V1_SX300.jpg"},
{"production_cost":225000000,"public_rating":7.3,"director":"Gore Verbinski","description":"Jack Sparrow races to recover the heart of Davy Jones to avoid enslaving his soul to Jones' service, as other friends and foes seek the heart for their own agenda as well.","runtime":151,"title":"Pirates of the Caribbean: Dead Man's Chest","critic_rating":54,"actor_names":["Johnny Depp","Orlando Bloom","Keira Knightley","Jack Davenport"],"foreign_revenue":1060615812,"release_date":"07/07/2006","genre":["Action","Adventure","Fantasy"],"domestic_revenue":423315812,"poster":"http://ia.media-imdb.com/images/M/MV5BMTcwODc1MTMxM15BMl5BanBnXkFtZTYwMDg1NzY3._V1_SX300.jpg"},
{"production_cost":225000000,"public_rating":7.3,"director":"Zack Snyder","description":"Clark Kent, one of the last of an extinguished race disguised as an unremarkable human, is forced to reveal his identity when Earth is invaded by an army of survivors who threaten to bring the planet to the brink of destruction.","runtime":143,"title":"Man of Steel","critic_rating":55,"actor_names":["Henry Cavill","Amy Adams","Michael Shannon","Diane Lane"],"foreign_revenue":667999518,"release_date":"06/14/2013","genre":["Action","Adventure","Fantasy"],"domestic_revenue":291045518,"poster":"http://ia.media-imdb.com/images/M/MV5BMjI5OTYzNjI0Ml5BMl5BanBnXkFtZTcwMzM1NDA1OQ@@._V1_SX300.jpg"},
{"production_cost":225000000,"public_rating":6.6,"director":"Andrew Adamson","description":"The Pevensie siblings return to Narnia, where they are enlisted to once again help ward off an evil king and restore the rightful heir to the land's throne, Prince Caspian.","runtime":150,"title":"The Chronicles of Narnia: Prince Caspian","critic_rating":67,"actor_names":["Ben Barnes","Georgie Henley","Skandar Keynes","William Moseley"],"foreign_revenue":419490286,"release_date":"05/16/2008","genre":["Action","Adventure","Family"],"domestic_revenue":141621490,"poster":"http://ia.media-imdb.com/images/M/MV5BMTIwOTA4NTE4Ml5BMl5BanBnXkFtZTcwOTI2NTg1MQ@@._V1_SX300.jpg"},
{"production_cost":220000000,"public_rating":7.1,"director":"Marc Webb","description":"After Peter Parker is bitten by a genetically altered spider, he gains newfound, spider-like powers and ventures out to solve the mystery of his parent's mysterious death.","runtime":136,"title":"The Amazing Spider-Man","critic_rating":73,"actor_names":["Andrew Garfield","Emma Stone","Rhys Ifans","Denis Leary"],"foreign_revenue":757890267,"release_date":"07/03/2012","genre":["Action","Adventure","Fantasy"],"domestic_revenue":262030663,"poster":"http://ia.media-imdb.com/images/M/MV5BMjMyOTM4MDMxNV5BMl5BanBnXkFtZTcwNjIyNzExOA@@._V1_SX300.jpg"},
{"production_cost":215000000,"public_rating":6.9,"director":"Barry Sonnenfeld","description":"Agent J travels in time to M.I.B.'s early days in 1969 to stop an alien from assassinating his friend Agent K and changing history.","runtime":106,"title":"Men in Black 3","critic_rating":70,"actor_names":["Will Smith","Tommy Lee Jones","Josh Brolin","Jemaine Clement"],"foreign_revenue":624821154,"release_date":"05/25/2012","genre":["Action","Comedy","Sci-Fi"],"domestic_revenue":179020854,"poster":"http://ia.media-imdb.com/images/M/MV5BMTU2NTYxODcwMF5BMl5BanBnXkFtZTcwNDk1NDY0Nw@@._V1_SX300.jpg"},
{"production_cost":210000000,"public_rating":6,"director":"Michael Bay","description":"Sam Witwicky leaves the Autobots behind for a normal life. But when his mind is filled with cryptic symbols, the Decepticons target him and he is dragged back into the Transformers' war.","runtime":150,"title":"Transformers: Revenge of the Fallen","critic_rating":19,"actor_names":["Shia La Beouf","Megan Fox","Josh Duhamel","Tyrese Gibson"],"foreign_revenue":836519699,"release_date":"06/24/2009","genre":["Action","Adventure","Sci-Fi"],"domestic_revenue":402111870,"poster":"http://ia.media-imdb.com/images/M/MV5BNjk4OTczOTk0NF5BMl5BanBnXkFtZTcwNjQ0NzMzMw@@._V1_SX300.jpg"},
{"production_cost":210000000,"public_rating":5.9,"director":"Michael Bay","description":"Autobots must escape sight from a bounty hunter who takes control of the human serendipity: Unexpectedly, Optimus Prime and his remaining gang turn to a mechanic and his daughter for help.","runtime":165,"title":"Transformers: Age of Extinction","critic_rating":18,"actor_names":["Mark Wahlberg","Stanley Tucci","Kelsey Grammer","Nicola Peltz"],"foreign_revenue":1081139076,"release_date":"06/27/2014","genre":["Action","Adventure","Sci-Fi"],"domestic_revenue":245439076,"poster":"http://ia.media-imdb.com/images/M/MV5BMjEwNTg1MTA5Nl5BMl5BanBnXkFtZTgwOTg2OTM4MTE@._V1_SX300.jpg"},
{"production_cost":210000000,"public_rating":6.8,"director":"Brett Ratner","description":"When a cure is found to treat mutations, lines are drawn amongst the X-Men, led by Professor Charles Xavier, and the Brotherhood, a band of powerful mutants organized under Xavier's former ally, Magneto.","runtime":130,"title":"X-Men: The Last Stand","critic_rating":58,"actor_names":["Hugh Jackman","Halle Berry","Ian Mc Kellen","Patrick Stewart"],"foreign_revenue":459359555,"release_date":"05/26/2006","genre":["Action","Adventure","Sci-Fi"],"domestic_revenue":234362462,"poster":"http://ia.media-imdb.com/images/M/MV5BMjI1NTg2ODA2Nl5BMl5BanBnXkFtZTcwMDc2MjEzMw@@._V1_SX300.jpg"},
{"production_cost":210000000,"public_rating":6.7,"director":"Ridley Scott","description":"In 13th century England, Robin and his band of marauders confront corruption in a local village and lead an uprising against the crown that will forever alter the balance of world power.","runtime":140,"title":"Robin Hood","critic_rating":43,"actor_names":["Russell Crowe","Cate Blanchett","Maxvon Sydow","William Hurt"],"foreign_revenue":322459006,"release_date":"05/14/2010","genre":["Action","Adventure","Drama"],"domestic_revenue":105487148,"poster":"http://ia.media-imdb.com/images/M/MV5BMTM5NzcwMzEwOF5BMl5BanBnXkFtZTcwNjg5MTgwMw@@._V1_SX300.jpg"},
{"production_cost":209000000,"public_rating":5.9,"director":"Peter Berg","description":"A fleet of ships is forced to do battle with an armada of unknown origins in order to discover and thwart their destructive goals.","runtime":131,"title":"Battleship","critic_rating":34,"actor_names":["Taylor Kitsch","Alexander SkarsgÃ¥rd","Rihanna","Brooklyn Decker"],"foreign_revenue":304150372,"release_date":"05/18/2012","genre":["Action","Adventure","Sci-Fi"],"domestic_revenue":65235400,"poster":"http://ia.media-imdb.com/images/M/MV5BMjI5NTM5MDA2N15BMl5BanBnXkFtZTcwNjkwMzQxNw@@._V1_SX300.jpg"},
{"production_cost":207000000,"public_rating":7.3,"director":"Peter Jackson","description":"In 1933 New York, an overly ambitious movie producer coerces his cast and hired ship crew to travel to mysterious Skull Island, where they encounter Kong, a giant ape who is immediately smitten with leading lady Ann Darrow.","runtime":187,"title":"King Kong","critic_rating":84,"actor_names":["Naomi Watts","Jack Black","Adrien Brody","Thomas Kretschmann"],"foreign_revenue":550517357,"release_date":"12/14/2005","genre":["Action","Adventure","Drama"],"domestic_revenue":218080025,"poster":"http://ia.media-imdb.com/images/M/MV5BMTgzODQwNjAwOV5BMl5BanBnXkFtZTcwMDA4MDA0MQ@@._V1_SX300.jpg"},
{"production_cost":205000000,"public_rating":6.1,"director":"Chris Weitz","description":"In a parallel universe, young Lyra Belacqua journeys to the far North to save her best friend and other kidnapped children from terrible experiments by a mysterious organization.","runtime":113,"title":"The Golden Compass","critic_rating":42,"actor_names":["Nicole Kidman","Daniel Craig","Dakota Blue Richards","Ben Walker"],"foreign_revenue":372234864,"release_date":"12/01/2007","genre":["Adventure","Family","Fantasy"],"domestic_revenue":70107728,"poster":"http://ia.media-imdb.com/images/M/MV5BMTM2NDkxMjQxMV5BMl5BanBnXkFtZTYwNTMxMDM4._V1_SX300.jpg"},
{"production_cost":200000000,"public_rating":7.7,"director":"James Cameron","description":"A seventeen-year-old aristocrat, expecting to be married to a rich claimant by her mother, falls in love with a kind but poor artist aboard the luxurious, ill-fated R.M.S. Titanic.","runtime":194,"title":"Titanic","critic_rating":88,"actor_names":["Leonardo DiCaprio","Kate Winslet","Billy Zane","Kathy Bates"],"foreign_revenue":2207615668,"release_date":"12/17/1997","genre":["Drama","Romance"],"domestic_revenue":658672302,"poster":"http://ia.media-imdb.com/images/M/MV5BMjExNzM0NDM0N15BMl5BanBnXkFtZTcwMzkxOTUwNw@@._V1_SX300.jpg"},
{"production_cost":200000000,"public_rating":8.4,"director":"Lee Unkrich","description":"The toys are mistakenly delivered to a day-care center instead of the attic right before Andy leaves for college, and it's up to Woody to convince the other toys that they weren't abandoned and to return home.","runtime":103,"title":"Toy Story 3","critic_rating":99,"actor_names":["Tom Hanks","Tim Allen","Joan Cusack","Ned Beatty"],"foreign_revenue":1063759456,"release_date":"06/18/2010","genre":["Animation","Adventure","Comedy"],"domestic_revenue":415004880,"poster":"http://ia.media-imdb.com/images/M/MV5BMTgxOTY4Mjc0MF5BMl5BanBnXkFtZTcwNTA4MDQyMw@@._V1_SX300.jpg"},
{"production_cost":200000000,"public_rating":7.3,"director":"Shane Black","description":"When Tony Stark's world is torn apart by a formidable terrorist called the Mandarin, he starts an odyssey of rebuilding and retribution.","runtime":130,"title":"Iron Man 3","critic_rating":78,"actor_names":["Robert Downey Jr.","Gwyneth Paltrow","Don Cheadle","Guy Pearce"],"foreign_revenue":1212692272,"release_date":"05/03/2013","genre":["Action","Adventure","Sci-Fi"],"domestic_revenue":408992272,"poster":"http://ia.media-imdb.com/images/M/MV5BMjIzMzAzMjQyM15BMl5BanBnXkFtZTcwNzM2NjcyOQ@@._V1._SY317_SY132_CR0,0,89,132_AL_.jpg_V1_SX300.jpg"},
{"production_cost":200000000,"public_rating":7.4,"director":"Sam Raimi","description":"Peter Parker is beset with troubles in his failing personal life as he battles a brilliant scientist named Doctor Otto Octavius.","runtime":127,"title":"Spider-Man 2","critic_rating":53,"actor_names":["Tobey Maguire","Kirsten Dunst","James Franco","Alfred Molina"],"foreign_revenue":783705001,"release_date":"06/30/2004","genre":["Action","Adventure"],"domestic_revenue":373524485,"poster":"http://ia.media-imdb.com/images/M/MV5BMjE0Njc1NDYzN15BMl5BanBnXkFtZTcwNjAxMzYyMQ@@._V1_SX300.jpg"},
{"production_cost":200000000,"public_rating":6.5,"director":"Tim Burton","description":"Nineteen-year-old Alice returns to the magical world from her childhood adventure, where she reunites with her old friends and learns of her true destiny: to end the Red Queen's reign of terror.","runtime":108,"title":"Alice in Wonderland","critic_rating":77,"actor_names":["Johnny Depp","Mia Wasikowska","Helena Bonham Carter","Anne Hathaway"],"foreign_revenue":1024391110,"release_date":"03/05/2010","genre":["Adventure","Family","Fantasy"],"domestic_revenue":334191110,"poster":"http://ia.media-imdb.com/images/M/MV5BMTMwNjAxMTc0Nl5BMl5BanBnXkFtZTcwODc3ODk5Mg@@._V1_SX300.jpg"},
{"production_cost":200000000,"public_rating":7.8,"director":"Sam Mendes","description":"Bond's loyalty to M is tested when her past comes back to haunt her. Whilst MI6 comes under attack, 007 must track down and destroy the threat, no matter how personal the cost.","runtime":143,"title":"Skyfall","critic_rating":92,"actor_names":["Daniel Craig","Judi Dench","Javier Bardem","Ralph Fiennes"],"foreign_revenue":1108694081,"release_date":"11/08/2012","genre":["Action","Adventure"],"domestic_revenue":304360277,"poster":"http://ia.media-imdb.com/images/M/MV5BMjAyODkzNDgzMF5BMl5BanBnXkFtZTcwMDMxMDI4Nw@@._V1_SX300.jpg"},
{"production_cost":200000000,"public_rating":7.4,"director":"Dan Scanlon","description":"A look at the relationship between Mike and Sulley during their days at Monsters University -- when they weren't necessarily the best of friends.","runtime":104,"title":"Monsters University","critic_rating":78,"actor_names":["Billy Crystal","John Goodman","Steve Buscemi","Helen Mirren"],"foreign_revenue":743588329,"release_date":"06/21/2013","genre":["Animation","Adventure","Comedy"],"domestic_revenue":268488329,"poster":"http://ia.media-imdb.com/images/M/MV5BMTUyODgwMDU3M15BMl5BanBnXkFtZTcwOTM4MjcxOQ@@._V1_SX300.jpg"},
{"production_cost":200000000,"public_rating":6.4,"director":"Sam Raimi","description":"A small-time magician is swept away to an enchanted land and is forced into a power struggle between three witches.","runtime":130,"title":"Oz the Great and Powerful","critic_rating":59,"actor_names":["James Franco","Mila Kunis","Rachel Weisz","Michelle Williams"],"foreign_revenue":489570996,"release_date":"03/08/2013","genre":["Adventure","Family","Fantasy"],"domestic_revenue":234770996,"poster":"http://ia.media-imdb.com/images/M/MV5BMjMyMzQ1ODM1MF5BMl5BanBnXkFtZTcwMjE2MTQxOQ@@._V1_SX300.jpg"},
{"production_cost":200000000,"public_rating":8.2,"director":"Bryan Singer","description":"The X-Men send Wolverine to the past in a desperate effort to change history and prevent an event that results in doom for both humans and mutants.","runtime":131,"title":"X-Men: Days of Future Past","critic_rating":92,"actor_names":["Hugh Jackman","James Mc Avoy","Michael Fassbender","Jennifer Lawrence"],"foreign_revenue":744321534,"release_date":"05/23/2014","genre":["Action","Adventure","Sci-Fi"],"domestic_revenue":233921534,"poster":"http://ia.media-imdb.com/images/M/MV5BMjEwMDk2NzY4MF5BMl5BanBnXkFtZTgwNTY2OTcwMDE@._V1_SX300.jpg"},
{"production_cost":200000000,"public_rating":7,"director":"Marc Webb","description":"When New York is put under siege by Oscorp, it is up to Spider-Man to save the city he swore to protect as well as his loved ones.","runtime":142,"title":"The Amazing Spider-Man 2","critic_rating":53,"actor_names":["Andrew Garfield","Emma Stone","Jamie Foxx","Dane De Haan"],"foreign_revenue":708996336,"release_date":"05/02/2014","genre":["Action","Adventure","Fantasy"],"domestic_revenue":202853933,"poster":"http://ia.media-imdb.com/images/M/MV5BOTA5NDYxNTg0OV5BMl5BanBnXkFtZTgwODE5NzU1MTE@._V1_SX300.jpg"},
{"production_cost":200000000,"public_rating":6.4,"director":"John Lasseter, Brad Lewis","description":"Star race car Lightning McQueen and his pal Mater head overseas to compete in the World Grand Prix race. But the road to the championship becomes rocky as Mater gets caught up in an intriguing adventure of his own: international espionage.","runtime":106,"title":"Cars 2","critic_rating":39,"actor_names":["Larrythe Cable Guy","Owen Wilson","Michael Caine","Emily Mortimer"],"foreign_revenue":560155383,"release_date":"06/24/2011","genre":["Animation","Adventure","Comedy"],"domestic_revenue":191450875,"poster":"http://ia.media-imdb.com/images/M/MV5BMTUzNTc3MTU3M15BMl5BanBnXkFtZTcwMzIxNTc3NA@@._V1_SX300.jpg"},
{"production_cost":200000000,"public_rating":6.8,"director":"Joseph Kosinski","description":"The son of a virtual world designer goes looking for his father and ends up inside the digital world that his father designed. He meets his father's corrupted creation and a unique ally who was born inside the digital world.","runtime":125,"title":"Tron: Legacy","critic_rating":51,"actor_names":["Jeff Bridges","Garrett Hedlund","Olivia Wilde","Bruce Boxleitner"],"foreign_revenue":397562763,"release_date":"12/17/2010","genre":["Action","Adventure","Sci-Fi"],"domestic_revenue":172062763,"poster":"http://ia.media-imdb.com/images/M/MV5BMTk4NTk4MTk1OF5BMl5BanBnXkFtZTcwNTE2MDIwNA@@._V1_SX300.jpg"},
{"production_cost":200000000,"public_rating":5.8,"director":"Roland Emmerich","description":"A frustrated writer struggles to keep his family alive when a series of global catastrophes threatens to annihilate mankind.","runtime":158,"title":"2012","critic_rating":39,"actor_names":["John Cusack","Amanda Peet","Chiwetel Ejiofor","Thandie Newton"],"foreign_revenue":788408539,"release_date":"11/13/2009","genre":["Action","Adventure","Sci-Fi"],"domestic_revenue":166112167,"poster":"http://ia.media-imdb.com/images/M/MV5BMTY0MjEyODQzMF5BMl5BanBnXkFtZTcwMTczMjQ4Mg@@._V1_SX300.jpg"},
{"production_cost":200000000,"public_rating":6.7,"director":"McG","description":"In 2018, a mysterious new weapon in the war against the machines, half-human and half-machine, comes to John Connor on the eve of a resistance attack on Skynet. But whose side is he on, and can he be trusted?","runtime":115,"title":"Terminator Salvation: The Future Begins","critic_rating":33,"actor_names":["Christian Bale","Sam Worthington","Moon Bloodgood","Helena Bonham Carter"],"foreign_revenue":371628539,"release_date":"05/21/2009","genre":["Action","Drama","Sci-Fi"],"domestic_revenue":125322469,"poster":"http://ia.media-imdb.com/images/M/MV5BODE1MTM1MzA2NF5BMl5BanBnXkFtZTcwODQ5MTA2Mg@@._V1_SX300.jpg"},
{"production_cost":200000000,"public_rating":5.7,"director":"Martin Campbell","description":"A test pilot is granted an alien ring that bestows him with otherworldly powers that inducts him into an intergalactic police force.","runtime":114,"title":"Green Lantern","critic_rating":26,"actor_names":["Ryan Reynolds","Blake Lively","Peter Sarsgaard","Mark Strong"],"foreign_revenue":231201172,"release_date":"06/17/2011","genre":["Action","Adventure","Sci-Fi"],"domestic_revenue":116601172,"poster":"http://ia.media-imdb.com/images/M/MV5BMTMyMTg3OTM5Ml5BMl5BanBnXkFtZTcwNzczMjEyNQ@@._V1_SX300.jpg"},
{"production_cost":200000000,"public_rating":6.6,"director":"Mike Newell","description":"A young fugitive prince and princess must stop a villain who unknowingly threatens to destroy the world with a special dagger that enables the magic sand inside to reverse time.","runtime":116,"title":"Prince of Persia: Sands of Time","critic_rating":36,"actor_names":["Jake Gyllenhaal","Gemma Arterton","Ben Kingsley","Alfred Molina"],"foreign_revenue":335059676,"release_date":"05/28/2010","genre":["Action","Adventure","Fantasy"],"domestic_revenue":90759676,"poster":"http://ia.media-imdb.com/images/M/MV5BMTMwNDg0NzcyMV5BMl5BanBnXkFtZTcwNjg4MjQyMw@@._V1_SX300.jpg"},
{"production_cost":195000000,"public_rating":6.3,"director":"Michael Bay","description":"The Autobots learn of a Cybertronian spacecraft hidden on the moon, and race against the Decepticons to reach it and to learn its secrets.","runtime":154,"title":"Transformers: Dark of the Moon","critic_rating":36,"actor_names":["Shia La Beouf","Rosie Huntington-Whiteley","Josh Duhamel","John Turturro"],"foreign_revenue":1123794076,"release_date":"06/29/2011","genre":["Action","Adventure","Sci-Fi"],"domestic_revenue":352390543,"poster":"http://ia.media-imdb.com/images/M/MV5BMTkwOTY0MTc1NV5BMl5BanBnXkFtZTcwMDQwNjA2NQ@@._V1_SX300.jpg"},
{"production_cost":195000000,"public_rating":6.3,"director":"Bryan Singer","description":"The ancient war between humans and a race of giants is reignited when Jack, a young farmhand fighting for a kingdom and the love of a princess, opens a gateway between the two worlds.","runtime":114,"title":"Jack the Giant Slayer","critic_rating":52,"actor_names":["Nicholas Hoult","Eleanor Tomlinson","Ewan Mc Gregor","Stanley Tucci"],"foreign_revenue":197387603,"release_date":"03/01/2013","genre":["Adventure","Fantasy"],"domestic_revenue":65187603,"poster":"http://ia.media-imdb.com/images/M/MV5BMjE1NDMxMjI0OV5BMl5BanBnXkFtZTcwMjQyMDExOQ@@._V1_SX300.jpg"},
{"production_cost":190000000,"public_rating":7.9,"director":"J.J. Abrams","description":"After the crew of the Enterprise find an unstoppable force of terror from within their own organization, Captain Kirk leads a manhunt to a war-zone world to capture a one-man weapon of mass destruction.","runtime":132,"title":"Star Trek Into Darkness","critic_rating":87,"actor_names":["Chris Pine","Zachary Quinto","Zoe Saldana","Karl Urban"],"foreign_revenue":466978661,"release_date":"05/15/2013","genre":["Action","Adventure","Sci-Fi"],"domestic_revenue":228778661,"poster":"http://ia.media-imdb.com/images/M/MV5BMTk2NzczOTgxNF5BMl5BanBnXkFtZTcwODQ5ODczOQ@@._V1_SX300.jpg"},
{"production_cost":190000000,"public_rating":7,"director":"Marc Forster","description":"United Nations employee Gerry Lane traverses the world in a race against time to stop the Zombie pandemic that is toppling armies and governments, and threatening to destroy humanity itself.","runtime":116,"title":"World War Z","critic_rating":68,"actor_names":["Brad Pitt","Mireille Enos","Daniella Kertesz","James Badge Dale"],"foreign_revenue":539559711,"release_date":"06/21/2013","genre":["Action","Adventure","Horror"],"domestic_revenue":202359711,"poster":"http://ia.media-imdb.com/images/M/MV5BMTg0NTgxMjIxOF5BMl5BanBnXkFtZTcwMDM0MDY1OQ@@._V1_SX300.jpg"},
{"production_cost":190000000,"public_rating":7.3,"director":"Baz Luhrmann","description":"A Midwestern war veteran finds himself drawn to the past and lifestyle of his millionaire neighbor.","runtime":143,"title":"The Great Gatsby","critic_rating":48,"actor_names":["Leonardo DiCaprio","Frank Aldridge","Amitabh Bachchan","Steve Bisley"],"foreign_revenue":351040419,"release_date":"05/10/2013","genre":["Drama","Romance"],"domestic_revenue":144840419,"poster":"http://ia.media-imdb.com/images/M/MV5BMTkxNTk1ODcxNl5BMl5BanBnXkFtZTcwMDI1OTMzOQ@@._V1_SX300.jpg"},
{"production_cost":190000000,"public_rating":7.1,"director":"Guillermo del Toro","description":"As a war between humankind and monstrous sea creatures wages on, a former pilot and a trainee are paired up to drive a seemingly obsolete special weapon in a desperate effort to save the world from the apocalypse.","runtime":132,"title":"Pacific Rim","critic_rating":72,"actor_names":["Charlie Hunnam","Diego Klattenhoff","Idris Elba","Rinko Kikuchi"],"foreign_revenue":411002906,"release_date":"07/12/2013","genre":["Action","Adventure","Sci-Fi"],"domestic_revenue":101802906,"poster":"http://ia.media-imdb.com/images/M/MV5BMTY3MTI5NjQ4Nl5BMl5BanBnXkFtZTcwOTU1OTU0OQ@@._V1_SX300.jpg"},
{"production_cost":186000000,"public_rating":7.9,"director":"Jon Favreau","description":"The story of moneyed industrialist Tony Stark is put on an impacted course against a materialistic dictator. Secret weapon? An iron-clad armor made to fight present evil and for future battles.","runtime":126,"title":"Iron Man","critic_rating":93,"actor_names":["Robert Downey Jr.","Terrence Howard","Jeff Bridges","Gwyneth Paltrow"],"foreign_revenue":582443126,"release_date":"05/02/2008","genre":["Action","Adventure","Sci-Fi"],"domestic_revenue":318604126,"poster":"http://ia.media-imdb.com/images/M/MV5BMTczNTI2ODUwOF5BMl5BanBnXkFtZTcwMTU0NTIzMw@@._V1_SX300.jpg"},
{"production_cost":185000000,"public_rating":9,"director":"Christopher Nolan","description":"When the menace known as the Joker wreaks havoc and chaos on the people of Gotham, the caped crusader must come to terms with one of the greatest psychological tests of his ability to fight injustice.","runtime":152,"title":"The Dark Knight","critic_rating":88,"actor_names":["Christian Bale","Heath Ledger","Aaron Eckhart","Michael Caine"],"foreign_revenue":1002891358,"release_date":"07/18/2008","genre":["Action","Adventure"],"domestic_revenue":533345358,"poster":"http://ia.media-imdb.com/images/M/MV5BMTMxNTMwODM0NF5BMl5BanBnXkFtZTcwODAyMTk2Mw@@._V1_SX300.jpg"},
{"production_cost":185000000,"public_rating":6.3,"director":"Steven Spielberg","description":"Famed archaeologist/adventurer Dr. Henry Indiana","runtime":122,"title":"Indiana Jones and the Kingdom of the Crystal Skull","critic_rating":78,"actor_names":["Harrison Ford","Cate Blanchett","Karen Allen","Shia La Beouf"],"foreign_revenue":786558145,"release_date":"05/22/2008","genre":["Action","Adventure"],"domestic_revenue":317023851,"poster":"http://ia.media-imdb.com/images/M/MV5BMTIxNDUxNzcyMl5BMl5BanBnXkFtZTcwNTgwOTI3MQ@@._V1_SX300.jpg"},
{"production_cost":185000000,"public_rating":7.2,"director":"Mark Andrews, Brenda Chapman, Steve Purcell","description":"Determined to make her own path in life, Princess Merida defies a custom that brings chaos to her kingdom. Granted one wish, Merida must rely on her bravery and her archery skills to undo a beastly curse.","runtime":93,"title":"Brave","critic_rating":78,"actor_names":["Kelly Macdonald","Billy Connolly","Emma Thompson","Julie Walters"],"foreign_revenue":554606532,"release_date":"06/22/2012","genre":["Animation","Adventure","Comedy"],"domestic_revenue":237282182,"poster":"http://ia.media-imdb.com/images/M/MV5BMzgwODk3ODA1NF5BMl5BanBnXkFtZTcwNjU3NjQ0Nw@@._V1_SX300.jpg"},
{"production_cost":180000000,"public_rating":6.9,"director":"Andrew Adamson","description":"Four kids travel through a wardrobe to the land of Narnia and learn of their destiny to free it with the guidance of a mystical lion.","runtime":143,"title":"The Chronicles of Narnia: The Lion, the Witch and the Wardrobe","critic_rating":76,"actor_names":["Georgie Henley","Skandar Keynes","William Moseley","Anna Popplewell"],"foreign_revenue":748806957,"release_date":"12/09/2005","genre":["Adventure","Family","Fantasy"],"domestic_revenue":291710957,"poster":"http://ia.media-imdb.com/images/M/MV5BMTc0NTUwMTU5OV5BMl5BanBnXkFtZTcwNjAwNzQzMw@@._V1_SX300.jpg"},
{"production_cost":180000000,"public_rating":7.2,"director":"Robert Stromberg","description":"A vengeful fairy is driven to curse an infant princess, only to discover that the child may be the one person who can restore peace to their troubled land.","runtime":97,"title":"Maleficent","critic_rating":49,"actor_names":["Angelina Jolie","Elle Fanning","Sharlto Copley","Lesley Manville"],"foreign_revenue":751286891,"release_date":"05/30/2014","genre":["Action","Adventure","Family"],"domestic_revenue":241286891,"poster":"http://ia.media-imdb.com/images/M/MV5BMjAwMzAzMzExOF5BMl5BanBnXkFtZTgwOTcwMDA5MTE@._V1_SX300.jpg"},
{"production_cost":180000000,"public_rating":6.2,"director":"Brett Ratner","description":"After an attempted assassination on Ambassador Han, Lee and Carter head to Paris to protect a French woman with knowledge of the Triads' secret leaders.","runtime":91,"title":"Rush Hour 3","critic_rating":18,"actor_names":["Chris Tucker","Jackie Chan","Maxvon Sydow","Hiroyuki Sanada"],"foreign_revenue":253025968,"release_date":"08/10/2007","genre":["Action","Comedy","Crime"],"domestic_revenue":140125968,"poster":"http://ia.media-imdb.com/images/M/MV5BMTA0Nzg5NjQ0MDBeQTJeQWpwZ15BbWU3MDE4Mzg5NDE@._V1_SX300.jpg"},
{"production_cost":180000000,"public_rating":7.6,"director":"Martin Scorsese","description":"Set in 1930s Paris, an orphan who lives in the walls of a train station is wrapped up in a mystery involving his late father and an automaton.","runtime":126,"title":"Hugo","critic_rating":94,"actor_names":["Ben Kingsley","Sacha Baron Cohen","Asa Butterfield","ChloÃ«Grace Moretz"],"foreign_revenue":185033215,"release_date":"11/23/2011","genre":["Adventure","Drama","Family"],"domestic_revenue":73864507,"poster":"http://ia.media-imdb.com/images/M/MV5BMjAzNzk5MzgyNF5BMl5BanBnXkFtZTcwOTE4NDU5Ng@@._V1_SX300.jpg"},
{"production_cost":178000000,"public_rating":8,"director":"Doug Liman","description":"A military officer is brought into an alien war against an extraterrestrial enemy who can reset the day and know the future. When this officer is enabled with the same power, he teams up with a Special Forces warrior to try and end the war.","runtime":113,"title":"Edge of Tomorrow","critic_rating":90,"actor_names":["Tom Cruise","Emily Blunt","Brendan Gleeson","Bill Paxton"],"foreign_revenue":364406256,"release_date":"06/06/2014","genre":["Action","Sci-Fi"],"domestic_revenue":100206256,"poster":"http://ia.media-imdb.com/images/M/MV5BMTc5OTk4MTM3M15BMl5BanBnXkFtZTgwODcxNjg3MDE@._V1_SX300.jpg"},
{"production_cost":175000000,"public_rating":8.3,"director":"Pete Docter, Bob Peterson","description":"To avoid being taken away to a nursing home, an old widower tries to fly his home to Paradise Falls, South America, along with a boy scout who accidently lifted off with him.","runtime":96,"title":"Up","critic_rating":98,"actor_names":["Edward Asner","Christopher Plummer","Jordan Nagai","Bob Peterson"],"foreign_revenue":731542621,"release_date":"05/29/2009","genre":["Animation","Adventure","Drama"],"domestic_revenue":293004164,"poster":"http://ia.media-imdb.com/images/M/MV5BMTk3NDE2NzI4NF5BMl5BanBnXkFtZTgwNzE1MzEyMTE@._V1_SX300.jpg"},
{"production_cost":175000000,"public_rating":6.6,"director":"Rob Letterman, Conrad Vernon","description":"A woman transformed into a giant after she is struck by a meteorite on her wedding day becomes part of a team of monsters sent in by the U.S. government to defeat an alien mastermind trying to take over Earth.","runtime":94,"title":"Monsters vs. Aliens","critic_rating":72,"actor_names":["Reese Witherspoon","Seth Rogen","Hugh Laurie","Will Arnett"],"foreign_revenue":381687380,"release_date":"03/27/2009","genre":["Animation","Action","Adventure"],"domestic_revenue":198351526,"poster":"http://ia.media-imdb.com/images/M/MV5BMTY0OTQ3MzE3MV5BMl5BanBnXkFtZTcwMDQyMzMzMg@@._V1_SX300.jpg"},
{"production_cost":175000000,"public_rating":5.8,"director":"Stephen Sommers","description":"An elite military unit comprised of special operatives known as G.I. Joe, operating out of The Pit, takes on an evil organization led by a notorious arms dealer.","runtime":118,"title":"G.I. Joe: The Rise of Cobra","critic_rating":35,"actor_names":["Adewale Akinnuoye-Agbaje","Christopher Eccleston","GrÃ©gory Fitoussi","Joseph Gordon-Levitt"],"foreign_revenue":302469017,"release_date":"08/07/2009","genre":["Action","Adventure","Sci-Fi"],"domestic_revenue":150201498,"poster":"http://ia.media-imdb.com/images/M/MV5BMTQzMTU1NzQwNl5BMl5BanBnXkFtZTcwNDg4NzMzMw@@._V1_SX300.jpg"},
{"production_cost":175000000,"public_rating":4.8,"director":"Barry Sonnenfeld","description":"The two best hired guns in the West must save President Grant from the clutches of a 19th century inventor-villain.","runtime":106,"title":"Wild Wild West","critic_rating":17,"actor_names":["Will Smith","Kevin Kline","Kenneth Branagh","Salma Hayek"],"foreign_revenue":221229335,"release_date":"06/30/1999","genre":["Action","Western","Comedy"],"domestic_revenue":113805681,"poster":"http://ia.media-imdb.com/images/M/MV5BNDI5NDk5MjgxMl5BMl5BanBnXkFtZTcwNjI1MTUyMQ@@._V1_SX300.jpg"},
{"production_cost":175000000,"public_rating":5.2,"director":"Rob Cohen","description":"In the Far East, Alex O'Connell, the son of famed mummy fighters Rick and Evy O'Connell, unearths the mummy of the first Emperor of Qin -- a shape-shifting entity cursed by a witch centuries ago.","runtime":112,"title":"The Mummy: Tomb of the Dragon Emperor","critic_rating":13,"actor_names":["Brendan Fraser","Jet Li","Maria Bello","John Hannah"],"foreign_revenue":405760225,"release_date":"08/01/2008","genre":["Action","Adventure","Fantasy"],"domestic_revenue":102491776,"poster":"http://ia.media-imdb.com/images/M/MV5BMTU4NDIzMDY1OV5BMl5BanBnXkFtZTcwNjQxMzk3MQ@@._V1_SX300.jpg"},
{"production_cost":175000000,"public_rating":5.4,"director":"Tom Shadyac","description":"God contacts Congressman Evan Baxter and tells him to build an ark in preparation for a great flood.","runtime":96,"title":"Evan Almighty","critic_rating":23,"actor_names":["Steve Carell","Morgan Freeman","Lauren Graham","Johnny Simmons"],"foreign_revenue":173219280,"release_date":"06/22/2007","genre":["Comedy","Family","Fantasy"],"domestic_revenue":100289690,"poster":"http://ia.media-imdb.com/images/M/MV5BMTUxMTEzODYxMV5BMl5BanBnXkFtZTcwNzQ4ODU0MQ@@._V1_SX300.jpg"},
{"production_cost":175000000,"public_rating":6,"director":"Kevin Reynolds","description":"In a future where the polar ice-caps have melted and Earth is almost entirely submerged, a mutated mariner fights starvation and outlaw ","runtime":135,"title":"Waterworld","critic_rating":42,"actor_names":["Kevin Costner","Chaim Girafi","Rick Aviles","R.D.Call"],"foreign_revenue":264246220,"release_date":"07/28/1995","genre":["Action","Adventure","Sci-Fi"],"domestic_revenue":88246220,"poster":"http://ia.media-imdb.com/images/M/MV5BMTA2Nzk3MTgzMTVeQTJeQWpwZ15BbWU3MDgyNTgxNjk@._V1_SX300.jpg"},
{"production_cost":175000000,"public_rating":6.3,"director":"Carl Rinsch","description":"A band of samurai set out to avenge the death and dishonor of their master at the hands of a ruthless shogun.","runtime":118,"title":"47 Ronin","critic_rating":14,"actor_names":["Keanu Reeves","Hiroyuki Sanada","Ko Shibasaki","Tadanobu Asano"],"foreign_revenue":151547799,"release_date":"12/25/2013","genre":["Action","Adventure","Fantasy"],"domestic_revenue":38362475,"poster":"http://ia.media-imdb.com/images/M/MV5BMTc0MjE2NzE0OV5BMl5BanBnXkFtZTgwNTU5MjE1MDE@._V1_SX300.jpg"},
{"production_cost":170000000,"public_rating":8.5,"director":"James Gunn","description":"A group of space criminals must work together to stop the fanatical villain Ronan the Accuser from destroying the galaxy.","runtime":121,"title":"Guardians of the Galaxy","critic_rating":90,"actor_names":["Chris Pratt","Zoe Saldana","Dave Bautista","Vin Diesel"],"foreign_revenue":767805224,"release_date":"08/01/2014","genre":["Action","Adventure","Sci-Fi"],"domestic_revenue":329805224,"poster":"http://ia.media-imdb.com/images/M/MV5BMTAwMjU5OTgxNjZeQTJeQWpwZ15BbWU4MDUxNDYxODEx._V1_SX300.jpg"},
{"production_cost":170000000,"public_rating":7.1,"director":"Jon Favreau, Kenneth Branagh","description":"With the world now aware of his identity as Iron Man, Tony Stark must contend with both his declining health and a vengeful mad man with ties to his father's legacy.","runtime":124,"title":"Iron Man 2","critic_rating":73,"actor_names":["Robert Downey Jr.","Gwyneth Paltrow","Don Cheadle","Scarlett Johansson"],"foreign_revenue":623561331,"release_date":"05/07/2010","genre":["Action","Adventure","Sci-Fi"],"domestic_revenue":312433331,"poster":"http://ia.media-imdb.com/images/M/MV5BMTM0MDgwNjMyMl5BMl5BanBnXkFtZTcwNTg3NzAzMw@@._V1_SX300.jpg"},
{"production_cost":170000000,"public_rating":7.9,"director":"Anthony Russo, Joe Russo","description":"Steve Rogers struggles to embrace his role in the modern world and battles a new threat from old history: the Soviet agent known as the Winter Soldier.","runtime":136,"title":"Captain America: The Winter Soldier","critic_rating":89,"actor_names":["Chris Evans","Samuel L.Jackson","Scarlett Johansson","Robert Redford"],"foreign_revenue":713846958,"release_date":"04/04/2014","genre":["Action","Adventure","Sci-Fi"],"domestic_revenue":259746958,"poster":"http://ia.media-imdb.com/images/M/MV5BMzA2NDkwODAwM15BMl5BanBnXkFtZTgwODk5MTgzMTE@._V1_SX300.jpg"},
{"production_cost":170000000,"public_rating":8.1,"director":"Matt Reeves","description":"Ten years after a pandemic disease, apes who have survived it are drawn into battle with a group of human survivors.","runtime":130,"title":"Dawn of the Planet of the Apes","critic_rating":91,"actor_names":["Andy Serkis","Jason Clarke","Gary Oldman","Keri Russell"],"foreign_revenue":703488457,"release_date":"07/11/2014","genre":["Action","Drama","Sci-Fi"],"domestic_revenue":208488457,"poster":"http://ia.media-imdb.com/images/M/MV5BMTgwODk3NDc1N15BMl5BanBnXkFtZTgwNTc1NjQwMjE@._V1_SX300.jpg"},
{"production_cost":170000000,"public_rating":7.2,"director":"Alan Taylor","description":"When Thor's love interest gets cursed with a powerful object, Thor must protect it before an army and it's ruthless leader try to get their hands on it to take over the remains of Earth.","runtime":112,"title":"Thor: The Dark World","critic_rating":65,"actor_names":["Chris Hemsworth","Natalie Portman","Tom Hiddleston","Anthony Hopkins"],"foreign_revenue":633360018,"release_date":"11/08/2013","genre":["Action","Adventure","Fantasy"],"domestic_revenue":206360018,"poster":"http://ia.media-imdb.com/images/M/MV5BMTQyNzAwOTUxOF5BMl5BanBnXkFtZTcwMTE0OTc5OQ@@._V1_SX300.jpg"},
{"production_cost":170000000,"public_rating":6.6,"director":"Robert Zemeckis","description":"On Christmas Eve, a doubting boy boards a magical train that's headed to the North Pole and Santa Claus' home.","runtime":100,"title":"The Polar Express","critic_rating":56,"actor_names":["Tom Hanks","Leslie Zemeckis","Eddie Deezen","Nona Gaye"],"foreign_revenue":319049659,"release_date":"11/10/2004","genre":["Animation","Adventure","Family"],"domestic_revenue":194949659,"poster":"http://ia.media-imdb.com/images/M/MV5BMTM1NTU0NTE4MV5BMl5BanBnXkFtZTcwMTQ0MjEzMw@@._V1_SX300.jpg"},
{"production_cost":170000000,"public_rating":6.2,"director":"Rupert Sanders","description":"In a twist to the fairy tale, the Huntsman ordered to take Snow White into the woods to be killed winds up becoming her protector and mentor in a quest to vanquish the Evil Queen.","runtime":127,"title":"Snow White and the Huntsman","critic_rating":48,"actor_names":["Kristen Stewart","Chris Hemsworth","Charlize Theron","Sam Claflin"],"foreign_revenue":400942064,"release_date":"06/01/2012","genre":["Action","Drama","Fantasy"],"domestic_revenue":155136755,"poster":"http://ia.media-imdb.com/images/M/MV5BMTQ1NDA0MTk5OV5BMl5BanBnXkFtZTcwMTM4NDMwNw@@._V1_SX300.jpg"},
{"production_cost":170000000,"public_rating":6.4,"director":"Jonathan Mostow","description":"A cybernetic warrior from a post-apocalyptic future travels back in time to protect a 19-year old drifter and his future wife from an most advanced robotic assassin and to ensure they both survive a nuclear attack.","runtime":109,"title":"Terminator 3: Rise of the Machines","critic_rating":70,"actor_names":["Arnold Schwarzenegger","Nick Stahl","Claire Danes","Kristanna Loken"],"foreign_revenue":433058296,"release_date":"07/01/2003","genre":["Action","Sci-Fi","Thriller"],"domestic_revenue":150358296,"poster":"http://ia.media-imdb.com/images/M/MV5BMTk5NzM1ODgyN15BMl5BanBnXkFtZTcwMzA5MjAzMw@@._V1_SX300.jpg"},
{"production_cost":170000000,"public_rating":5.9,"director":"Stephen Sommers","description":"The notorious monster hunter is sent to Transylvania to stop Count Dracula who is using Dr. Frankenstein's research and a werewolf for some sinister purpose.","runtime":131,"title":"Van Helsing","critic_rating":23,"actor_names":["Hugh Jackman","Kate Beckinsale","Richard Roxburgh","David Wenham"],"foreign_revenue":300150546,"release_date":"05/07/2004","genre":["Action","Adventure","Fantasy"],"domestic_revenue":120150546,"poster":"http://ia.media-imdb.com/images/M/MV5BMTY0NjcyOTUxNV5BMl5BanBnXkFtZTYwNjMxNjc2._V1_SX300.jpg"},
{"production_cost":165000000,"public_rating":6.4,"director":"Mike Mitchell","description":"Rumpelstiltskin tricks a mid-life crisis burdened Shrek into allowing himself to be erased from existence and cast in a dark alternate timeline where Rumpel rules supreme.","runtime":93,"title":"Shrek Forever After","critic_rating":58,"actor_names":["Mike Myers","Eddie Murphy","Cameron Diaz","Antonio Banderas"],"foreign_revenue":756244673,"release_date":"05/21/2010","genre":["Animation","Adventure","Comedy"],"domestic_revenue":238736787,"poster":"http://ia.media-imdb.com/images/M/MV5BMTY0OTU1NzkxMl5BMl5BanBnXkFtZTcwMzI2NDUzMw@@._V1_SX300.jpg"},
{"production_cost":165000000,"public_rating":8.2,"director":"Dean DeBlois, Chris Sanders","description":"A hapless young Viking who aspires to hunt dragons becomes the unlikely friend of a young dragon himself, and learns there may be more to the creatures than he assumed.","runtime":98,"title":"How to Train Your Dragon","critic_rating":92,"actor_names":["Jay Baruchel","Gerard Butler","Craig Ferguson","America Ferrera"],"foreign_revenue":494870991,"release_date":"03/26/2010","genre":["Animation","Adventure","Family"],"domestic_revenue":217581231,"poster":"http://ia.media-imdb.com/images/M/MV5BMjA5NDQyMjc2NF5BMl5BanBnXkFtZTcwMjg5ODcyMw@@._V1_SX300.jpg"},
{"production_cost":165000000,"public_rating":7.8,"director":"Rich Moore","description":"A video game villain wants to be a hero and sets out to fulfill his dream, but his quest brings havoc to the whole arcade where he lives.","runtime":101,"title":"Wreck-It Ralph","critic_rating":86,"actor_names":["John C.Reilly","Sarah Silverman","Jack Mc Brayer","Jane Lynch"],"foreign_revenue":473412677,"release_date":"11/02/2012","genre":["Animation","Adventure","Comedy"],"domestic_revenue":189412677,"poster":"http://ia.media-imdb.com/images/M/MV5BNzMxNTExOTkyMF5BMl5BanBnXkFtZTcwMzEyNDc0OA@@._V1_SX300.jpg"},
{"production_cost":165000000,"public_rating":8.5,"director":"Don Hall, Chris Williams","description":"The special bond that develops between plus-sized inflatable robot Baymax, and prodigy Hiro Hamada, who team up with a group of friends to form a band of high-tech heroes.","runtime":108,"title":"Big Hero 6","critic_rating":89,"actor_names":["Scott Adsit","Ryan Potter","Daniel Henney","T.J.Miller"],"foreign_revenue":96760135,"release_date":"10/25/2014","genre":["Animation","Action","Comedy"],"domestic_revenue":73760135,"poster":"http://ia.media-imdb.com/images/M/MV5BMjI4MTIzODU2NV5BMl5BanBnXkFtZTgwMjE0NDAwMjE@._V1_SX300.jpg"},
{"production_cost":165000000,"public_rating":9.1,"director":"Christopher Nolan","description":"A group of explorers use a newly discovered wormhole to surpass the limitations on human space travel and conquer an interstellar endeavor.","runtime":169,"title":"Interstellar","critic_rating":73,"actor_names":["Ellen Burstyn","Matthew Mc Conaughey","Mackenzie Foy","John Lithgow"],"foreign_revenue":148153194,"release_date":"11/05/2014","genre":["Adventure","Sci-Fi"],"domestic_revenue":65253194,"poster":"http://ia.media-imdb.com/images/M/MV5BMjIxNTU4MzY4MF5BMl5BanBnXkFtZTgwMzM4ODI3MjE@._V1_SX300.jpg"},
{"production_cost":163000000,"public_rating":6.5,"director":"N/A","description":"N/A","runtime":11,"title":"Cowboys and Aliens","critic_rating":44,"actor_names":["Daniel Craig","Harrison Ford"],"foreign_revenue":175910315,"release_date":"07/29/2011","genre":["Documentary"],"domestic_revenue":100240551,"poster":"N/A"},
{"production_cost":160000000,"public_rating":6,"director":"Chris Miller, Raman Hui","description":"When his new father-in-law, King Harold falls ill, Shrek is looked at as the heir to the land of Far, Far Away. Not one to give up his beloved swamp, Shrek recruits his friends Donkey and Puss in Boots to install the rebellious Artie as the new king. Princess Fiona, however, rallies a band of royal girlfriends to fend off a coup d'etat by the jilted Prince Charming.","runtime":93,"title":"Shrek the Third","critic_rating":40,"actor_names":["Mike Myers","Eddie Murphy","Cameron Diaz","Antonio Banderas"],"foreign_revenue":807330936,"release_date":"05/17/2007","genre":["Animation","Adventure","Comedy"],"domestic_revenue":322719944,"poster":"http://ia.media-imdb.com/images/M/MV5BMTMyMjE1Mjc1NF5BMl5BanBnXkFtZTcwMzY0MjEzMw@@._V1_SX300.jpg"},
{"production_cost":160000000,"public_rating":8.8,"director":"Christopher Nolan","description":"A thief who steals corporate secrets through use of dream-sharing technology is given the inverse task of planting an idea into the mind of a CEO.","runtime":148,"title":"Inception","critic_rating":86,"actor_names":["Leonardo DiCaprio","Joseph Gordon-Levitt","Ellen Page","Tom Hardy"],"foreign_revenue":832584416,"release_date":"07/16/2010","genre":["Action","Sci-Fi","Thriller"],"domestic_revenue":292576195,"poster":"http://ia.media-imdb.com/images/M/MV5BMjAxMzY3NjcxNF5BMl5BanBnXkFtZTcwNTI5OTM0Mw@@._V1_SX300.jpg"},
{"production_cost":160000000,"public_rating":7.2,"director":"N/A","description":"May 24th is currently set to see the release of two big sequels - Fast and Furious 6 & The Hangover Part 3. Movie experts discuss.","runtime":132,"title":"Fast and Furious 6","critic_rating":68,"actor_names":["Brad Cruz","Erin Darling","Mike Mohr","Joshua Ovenshire"],"foreign_revenue":789952811,"release_date":"05/24/2013","genre":["Action","Thriller"],"domestic_revenue":238679850,"poster":"N/A"},
{"production_cost":160000000,"public_rating":6.7,"director":"Gareth Edwards","description":"The world's most famous monster is pitted against malevolent creatures who, bolstered by humanity's scientific arrogance, threaten our very existence.","runtime":123,"title":"Godzilla","critic_rating":73,"actor_names":["Aaron Taylor-Johnson","CJAdams","Ken Watanabe","Bryan Cranston"],"foreign_revenue":508172193,"release_date":"05/16/2014","genre":["Action","Sci-Fi","Thriller"],"domestic_revenue":200672193,"poster":"http://ia.media-imdb.com/images/M/MV5BMTQ0ODgzNjg2MV5BMl5BanBnXkFtZTgwNDkxMzc3MDE@._V1_SX300.jpg"},
{"production_cost":160000000,"public_rating":7.8,"director":"Matthew Vaughn","description":"In 1962, the United States government enlists the help of Mutants with superhuman abilities to stop a malicious dictator who is determined to start world war III.","runtime":132,"title":"X-Men: First Class","critic_rating":87,"actor_names":["James Mc Avoy","Laurence Belcher","Michael Fassbender","Bill Milner"],"foreign_revenue":355408305,"release_date":"06/03/2011","genre":["Action","Adventure","Sci-Fi"],"domestic_revenue":146408305,"poster":"http://ia.media-imdb.com/images/M/MV5BMTg5OTMxNzk4Nl5BMl5BanBnXkFtZTcwOTk1MjAwNQ@@._V1_SX300.jpg"},
{"production_cost":160000000,"public_rating":7.8,"director":"David Fincher","description":"Tells the story of Benjamin Button, a man who starts aging backwards with bizarre consequences.","runtime":166,"title":"The Curious Case of Benjamin Button","critic_rating":72,"actor_names":["Cate Blanchett","Brad Pitt","Julia Ormond","Faune A.Chambers"],"foreign_revenue":329809326,"release_date":"12/25/2008","genre":["Drama","Fantasy","Romance"],"domestic_revenue":127509326,"poster":"http://ia.media-imdb.com/images/M/MV5BNjQ0NTY2ODY2M15BMl5BanBnXkFtZTgwMjE4MzkxMDE@._V1_SX300.jpg"},
{"production_cost":160000000,"public_rating":6.2,"director":"Jon Turteltaub","description":"Master sorcerer Balthazar Blake must find and train Merlin's descendant to defeat dark sorceress Morgana le Fey.","runtime":109,"title":"The Sorcerer's Apprentice","critic_rating":41,"actor_names":["Nicolas Cage","Jay Baruchel","Alfred Molina","Teresa Palmer"],"foreign_revenue":215150991,"release_date":"07/14/2010","genre":["Action","Adventure","Comedy"],"domestic_revenue":63150991,"poster":"http://ia.media-imdb.com/images/M/MV5BNDY3NzQ0NjYxM15BMl5BanBnXkFtZTcwMDkzODM2Mw@@._V1_SX300.jpg"},
{"production_cost":160000000,"public_rating":5.6,"director":"Wolfgang Petersen","description":"On New Year's Eve, the luxury ocean liner, Poseidon, capsizes after being swamped by a rogue wave. The survivors are left to fight for survival as they attempt to escape the sinking ship.","runtime":98,"title":"Poseidon","critic_rating":33,"actor_names":["Josh Lucas","Kurt Russell","Jacinda Barrett","Richard Dreyfuss"],"foreign_revenue":181674817,"release_date":"05/12/2006","genre":["Action","Adventure","Drama"],"domestic_revenue":60674817,"poster":"http://ia.media-imdb.com/images/M/MV5BMTIwOTMwODM2Nl5BMl5BanBnXkFtZTYwMDY5NjU3._V1_SX300.jpg"},
{"production_cost":155000000,"public_rating":6.4,"director":"Michael Apted","description":"Lucy and Edmund Pevensie return to Narnia with their cousin Eustace where they meet up with Prince Caspian for a trip across the sea aboard the royal ship The Dawn Treader. Along the way they encounter dragons, dwarves, merfolk, and a band of lost warriors before reaching the edge of the world.","runtime":113,"title":"The Chronicles of Narnia: The Voyage of the Dawn Treader","critic_rating":49,"actor_names":["Georgie Henley","Skandar Keynes","Ben Barnes","Will Poulter"],"foreign_revenue":418186950,"release_date":"12/10/2010","genre":["Adventure","Family","Fantasy"],"domestic_revenue":104386950,"poster":"http://ia.media-imdb.com/images/M/MV5BNjQ2MDQzMzExNl5BMl5BanBnXkFtZTcwMTYzOTc5Mw@@._V1_SX300.jpg"},
{"production_cost":155000000,"public_rating":5.5,"director":"Oliver Stone","description":"Alexander, the King of Macedonia and one of the greatest military leaders in the history of warfare, conquers much of the known world.","runtime":175,"title":"Alexander","critic_rating":16,"actor_names":["Colin Farrell","Angelina Jolie","Val Kilmer","Anthony Hopkins"],"foreign_revenue":167297191,"release_date":"11/24/2004","genre":["Action","Adventure","Biography"],"domestic_revenue":34297191,"poster":"http://ia.media-imdb.com/images/M/MV5BMTA1NDQ3OTY2NDVeQTJeQWpwZ15BbWU3MDI5MDc0MzM@._V1_SX300.jpg"},
{"production_cost":151500000,"public_rating":6,"director":"Michael Bay","description":"Pearl Harbor follows the story of two best friends, Rafe and Danny, and their love lives as they go off to join the war.","runtime":183,"title":"Pearl Harbor","critic_rating":-1,"actor_names":["Ben Affleck","Josh Hartnett","Kate Beckinsale","William Lee Scott"],"foreign_revenue":449239855,"release_date":"05/25/2001","genre":["Action","Drama","Romance"],"domestic_revenue":198539855,"poster":"http://ia.media-imdb.com/images/M/MV5BMTQ3MDc0MDc1NF5BMl5BanBnXkFtZTYwODI1ODY2._V1_SX300.jpg"},
{"production_cost":151000000,"public_rating":7.2,"director":"Michael Bay","description":"An ancient struggle between two Cybertronian races, the heroic Autobots and the evil Decepticons, comes to Earth, with a clue to the ultimate power held by a teenager.","runtime":144,"title":"Transformers","critic_rating":19,"actor_names":["Shia La Beouf","Megan Fox","Josh Duhamel","Tyrese Gibson"],"foreign_revenue":708272592,"release_date":"07/02/2007","genre":["Action","Adventure","Sci-Fi"],"domestic_revenue":319246193,"poster":"http://ia.media-imdb.com/images/M/MV5BMTQwNjU5MzUzNl5BMl5BanBnXkFtZTYwMzc1MTI3._V1_SX300.jpg"},
{"production_cost":150000000,"public_rating":7.8,"director":"Chris Buck, Jennifer Lee","description":"When a princess with the power to turn things into ice curses her home in infinite winter, her sister, Anna teams up with a mountain man, his playful reindeer, and a snowman to change the weather condition.","runtime":102,"title":"Frozen","critic_rating":62,"actor_names":["Kristen Bell","Idina Menzel","Jonathan Groff","Josh Gad"],"foreign_revenue":1267837000,"release_date":"11/22/2013","genre":["Animation","Adventure","Comedy"],"domestic_revenue":400737000,"poster":"http://ia.media-imdb.com/images/M/MV5BMTQ1MjQwMTE5OF5BMl5BanBnXkFtZTgwNjk3MTcyMDE@._V1_SX300.jpg"},
{"production_cost":150000000,"public_rating":7.4,"director":"David Yates","description":"With their warning about Lord Voldemort's return scoffed at, Harry and Dumbledore are targeted by the Wizard authorities as an authoritarian bureaucrat slowly seizes power at Hogwarts.","runtime":138,"title":"Harry Potter and the Order of the Phoenix","critic_rating":79,"actor_names":["Daniel Radcliffe","Harry Melling","Jason Boyd","Richard Macklin"],"foreign_revenue":942943935,"release_date":"07/11/2007","genre":["Adventure","Family","Fantasy"],"domestic_revenue":292004738,"poster":"http://ia.media-imdb.com/images/M/MV5BMTM0NTczMTUzOV5BMl5BanBnXkFtZTYwMzIxNTg3._V1_SX300.jpg"},
{"production_cost":150000000,"public_rating":7.6,"director":"Mike Newell","description":"Harry finds himself mysteriously selected as an under-aged competitor in a dangerous tournament between three schools of magic.","runtime":157,"title":"Harry Potter and the Goblet of Fire","critic_rating":88,"actor_names":["Eric Sykes","Timothy Spall","David Tennant","Daniel Radcliffe"],"foreign_revenue":896911078,"release_date":"11/18/2005","genre":["Adventure","Family","Fantasy"],"domestic_revenue":290013036,"poster":"http://ia.media-imdb.com/images/M/MV5BMTI1NDMyMjExOF5BMl5BanBnXkFtZTcwOTc4MjQzMQ@@._V1_SX300.jpg"},
{"production_cost":150000000,"public_rating":7.2,"director":"Francis Lawrence","description":"Years after a plague kills most of humanity and transforms the rest into monsters, the sole survivor in New York City struggles valiantly to find a cure.","runtime":101,"title":"I am Legend","critic_rating":70,"actor_names":["Will Smith","Alice Braga","Charlie Tahan","Salli Richardson-Whitfield"],"foreign_revenue":585410052,"release_date":"12/14/2007","genre":["Drama","Sci-Fi","Thriller"],"domestic_revenue":256393010,"poster":"http://ia.media-imdb.com/images/M/MV5BMTU4NzMyNDk1OV5BMl5BanBnXkFtZTcwOTEwMzU1MQ@@._V1_SX300.jpg"},
{"production_cost":150000000,"public_rating":6.5,"director":"Peter Berg","description":"A hard-living superhero who has fallen out of favor with the public enters into a questionable relationship with the wife of the public relations professional who's trying to repair his image.","runtime":92,"title":"Hancock","critic_rating":41,"actor_names":["Will Smith","Charlize Theron","Jason Bateman","Jae Head"],"foreign_revenue":624346274,"release_date":"07/01/2008","genre":["Action","Fantasy"],"domestic_revenue":227946274,"poster":"http://ia.media-imdb.com/images/M/MV5BMTgyMzc4ODU3NV5BMl5BanBnXkFtZTcwNjk5Mzc1MQ@@._V1_SX300.jpg"},
{"production_cost":150000000,"public_rating":6.7,"director":"Tim Burton","description":"A young boy wins a tour through the most magnificent chocolate factory in the world, led by the world's most unusual candy maker.","runtime":115,"title":"Charlie and the Chocolate Factory","critic_rating":82,"actor_names":["Johnny Depp","Freddie Highmore","David Kelly","Helena Bonham Carter"],"foreign_revenue":474459076,"release_date":"07/15/2005","genre":["Adventure","Comedy","Family"],"domestic_revenue":206459076,"poster":"http://ia.media-imdb.com/images/M/MV5BNjcxMjg1Njg2NF5BMl5BanBnXkFtZTcwMjQ4NzMzMw@@._V1_SX300.jpg"},
{"production_cost":150000000,"public_rating":8,"director":"Brad Bird, Jan Pinkava","description":"A rat, who can also cook, makes an unusual alliance with a young kitchen worker at a famous restaurant.","runtime":111,"title":"Ratatouille","critic_rating":96,"actor_names":["Patton Oswalt","Ian Holm","Lou Romano","Brian Dennehy"],"foreign_revenue":626549695,"release_date":"06/29/2007","genre":["Animation","Comedy","Family"],"domestic_revenue":206445654,"poster":"http://ia.media-imdb.com/images/M/MV5BMTMzODU0NTkxMF5BMl5BanBnXkFtZTcwMjQ4MzMzMw@@._V1_SX300.jpg"},
{"production_cost":150000000,"public_rating":8.3,"director":"Christopher Nolan","description":"After training with his mentor, Batman begins his war on crime to free the crime-ridden Gotham City from corruption that the Scarecrow and the League of Shadows have cast upon it.","runtime":140,"title":"Batman Begins","critic_rating":85,"actor_names":["Christian Bale","Michael Caine","Liam Neeson","Katie Holmes"],"foreign_revenue":373298774,"release_date":"06/15/2005","genre":["Action","Adventure"],"domestic_revenue":205343774,"poster":"http://ia.media-imdb.com/images/M/MV5BNTM3OTc0MzM2OV5BMl5BanBnXkFtZTYwNzUwMTI3._V1_SX300.jpg"},
{"production_cost":150000000,"public_rating":7,"director":"Kenneth Branagh","description":"The powerful but arrogant god Thor is cast out of Asgard to live amongst humans in Midgard (Earth), where he soon becomes one of their finest defenders.","runtime":115,"title":"Thor","critic_rating":77,"actor_names":["Chris Hemsworth","Natalie Portman","Tom Hiddleston","Anthony Hopkins"],"foreign_revenue":449326618,"release_date":"05/06/2011","genre":["Action","Adventure","Fantasy"],"domestic_revenue":181030624,"poster":"http://ia.media-imdb.com/images/M/MV5BMTYxMjA5NDMzNV5BMl5BanBnXkFtZTcwOTk2Mjk3NA@@._V1_SX300.jpg"},
{"production_cost":150000000,"public_rating":6.7,"director":"Eric Darnell, Tom McGrath","description":"The animals try to fly back to New York City, but crash-land on an African wildlife refuge, where Alex is reunited with his parents.","runtime":89,"title":"Madagascar: Escape 2 Africa","critic_rating":64,"actor_names":["Ben Stiller","Chris Rock","David Schwimmer","Jada Pinkett Smith"],"foreign_revenue":599516844,"release_date":"11/07/2008","genre":["Animation","Action","Adventure"],"domestic_revenue":180010950,"poster":"http://ia.media-imdb.com/images/M/MV5BMjExMDA4NDcwMl5BMl5BanBnXkFtZTcwODAxNTQ3MQ@@._V1_SX300.jpg"},
{"production_cost":150000000,"public_rating":6.7,"director":"Gavin Hood","description":"A look at Wolverine's early life, in particular his time with the government squad Team X and the impact it will have on his later years.","runtime":107,"title":"X-Men Origins: Wolverine","critic_rating":38,"actor_names":["Hugh Jackman","Liev Schreiber","Danny Huston","Will.i.am"],"foreign_revenue":374825760,"release_date":"05/01/2009","genre":["Action","Adventure","Sci-Fi"],"domestic_revenue":179883157,"poster":"http://ia.media-imdb.com/images/M/MV5BMTI2MTgyNjExM15BMl5BanBnXkFtZTcwNzU4MjkyMg@@._V1_SX300.jpg"},
{"production_cost":150000000,"public_rating":5.9,"director":"Shawn Levy","description":"Security guard Larry Daley infiltrates the Smithsonian Institution in order to rescue Jedediah and Octavius, who have been shipped to the museum by mistake.","runtime":105,"title":"Night at the Museum: Battle of the Smithsonian","critic_rating":44,"actor_names":["Ben Stiller","Amy Adams","Owen Wilson","Hank Azaria"],"foreign_revenue":413054631,"release_date":"05/22/2009","genre":["Action","Adventure","Comedy"],"domestic_revenue":177243721,"poster":"http://ia.media-imdb.com/images/M/MV5BMjAzMzc0MzM3MF5BMl5BanBnXkFtZTcwNjUzODkyMg@@._V1_SX300.jpg"},
{"production_cost":150000000,"public_rating":7.3,"director":"Jennifer Yuh","description":"Po and his friends fight to stop a peacock villain from conquering China with a deadly new weapon, but first the Dragon Warrior must come to terms with his past.","runtime":91,"title":"Kung Fu Panda 2","critic_rating":81,"actor_names":["Jack Black","Angelina Jolie","Dustin Hoffman","Gary Oldman"],"foreign_revenue":664837547,"release_date":"05/26/2011","genre":["Animation","Action","Adventure"],"domestic_revenue":165249063,"poster":"http://ia.media-imdb.com/images/M/MV5BMTg4MTQ3NTI3Nl5BMl5BanBnXkFtZTcwNzEzODQ2NA@@._V1_SX300.jpg"},
{"production_cost":150000000,"public_rating":6.8,"director":"J.J. Abrams","description":"Ethan Hunt comes face to face with a dangerous and sadistic arms dealer while trying to keep his identity secret in order to protect his girlfriend.","runtime":126,"title":"Mission: Impossible III","critic_rating":70,"actor_names":["Tom Cruise","Philip Seymour Hoffman","Ving Rhames","Billy Crudup"],"foreign_revenue":397501348,"release_date":"05/05/2006","genre":["Action","Adventure","Thriller"],"domestic_revenue":133501348,"poster":"http://ia.media-imdb.com/images/M/MV5BMjExMDY1MTI5MF5BMl5BanBnXkFtZTcwNDE2NTQzMw@@._V1_SX300.jpg"},
{"production_cost":150000000,"public_rating":6.7,"director":"Ron Howard","description":"Harvard symbologist Robert Langdon works to solve a murder and prevent a terrorist act against the Vatican.","runtime":138,"title":"Angels & Demons","critic_rating":37,"actor_names":["Tom Hanks","Ewan Mc Gregor","Ayelet Zurer","Stellan SkarsgÃ¥rd"],"foreign_revenue":490875846,"release_date":"05/15/2009","genre":["Mystery","Thriller"],"domestic_revenue":133375846,"poster":"http://ia.media-imdb.com/images/M/MV5BMjEzNzM2MjgxMF5BMl5BanBnXkFtZTcwNTQ1MTM0Mg@@._V1_SX300.jpg"},
{"production_cost":150000000,"public_rating":7.2,"director":"Wolfgang Petersen","description":"An adaptation of Homer's great epic, the film follows the assault on Troy by the united Greek forces and chronicles the fates of the men involved.","runtime":163,"title":"Troy","critic_rating":54,"actor_names":["Julian Glover","Brian Cox","Nathan Jones","Adoni Maropis"],"foreign_revenue":484161265,"release_date":"05/14/2004","genre":["Adventure"],"domestic_revenue":133298577,"poster":"http://ia.media-imdb.com/images/M/MV5BMTk5MzU1MDMwMF5BMl5BanBnXkFtZTcwNjczODMzMw@@._V1_SX300.jpg"},
{"production_cost":150000000,"public_rating":4.3,"director":"M. Night Shyamalan","description":"The story follows the adventures of Aang, a young successor to a long line of Avatars, who must put his childhood ways aside and stop the Fire Nation from enslaving the Water, Earth and Air nations.","runtime":103,"title":"The Last Airbender","critic_rating":6,"actor_names":["Noah Ringer","Dev Patel","Nicola Peltz","Jackson Rathbone"],"foreign_revenue":319713881,"release_date":"07/01/2010","genre":["Action","Adventure","Family"],"domestic_revenue":131772187,"poster":"http://ia.media-imdb.com/images/M/MV5BMTM1NjE0NDA0MV5BMl5BanBnXkFtZTcwODE4NDg1Mw@@._V1_SX300.jpg"},
{"production_cost":150000000,"public_rating":6.2,"director":"Steve Hickner, Simon J. Smith","description":"Barry B. Benson, a bee just graduated from college, is disillusioned at his lone career choice: making honey. On a special trip outside the hive, Barry's life is saved by Vanessa, a florist in New York City. As their relationship blossoms, he discovers humans actually eat honey, and subsequently decides to sue them.","runtime":91,"title":"Bee Movie","critic_rating":51,"actor_names":["Jerry Seinfeld","RenÃ©e Zellweger","Matthew Broderick","Patrick Warburton"],"foreign_revenue":287594577,"release_date":"11/02/2007","genre":["Animation","Adventure","Comedy"],"domestic_revenue":126631277,"poster":"http://ia.media-imdb.com/images/M/MV5BMjE1MDYxOTA4MF5BMl5BanBnXkFtZTcwMDE0MDUzMw@@._V1_SX300.jpg"},
{"production_cost":150000000,"public_rating":5.1,"director":"Hoyt Yeatman","description":"A specially trained squad of guinea pigs is dispatched to stop a diabolical billionaire from taking over the world.","runtime":88,"title":"G-Force","critic_rating":22,"actor_names":["Bill Nighy","Will Arnett","Zach Galifianakis","Kelli Garner"],"foreign_revenue":287389685,"release_date":"07/24/2009","genre":["Action","Adventure","Comedy"],"domestic_revenue":119436770,"poster":"http://ia.media-imdb.com/images/M/MV5BMTM4NTY3MzY2MV5BMl5BanBnXkFtZTcwMDQ1NTM2Mg@@._V1_SX300.jpg"},
{"production_cost":150000000,"public_rating":7,"director":"Byron Howard, Chris Williams","description":"The canine star of a fictional sci-fi/action show that believes his powers are real embarks on a cross country trek to save his co-star from a threat he believes is just as real.","runtime":96,"title":"Bolt","critic_rating":88,"actor_names":["John Travolta","Miley Cyrus","Susie Essman","Mark Walton"],"foreign_revenue":313953759,"release_date":"11/21/2008","genre":["Animation","Adventure","Comedy"],"domestic_revenue":114053759,"poster":"http://ia.media-imdb.com/images/M/MV5BNDQyNDE5NjQ1N15BMl5BanBnXkFtZTcwMDExMTAwMg@@._V1_SX300.jpg"},
{"production_cost":150000000,"public_rating":5.8,"director":"Jonathan Liebesman","description":"Perseus braves the treacherous underworld to rescue his father, Zeus, captured by his son, Ares, and brother Hades who unleash the ancient Titans upon the world.","runtime":99,"title":"Wrath of the Titans","critic_rating":25,"actor_names":["Sam Worthington","Liam Neeson","Ralph Fiennes","Ã\u2030dgar RamÃ­rez"],"foreign_revenue":301970083,"release_date":"03/30/2012","genre":["Action","Adventure","Fantasy"],"domestic_revenue":83670083,"poster":"http://ia.media-imdb.com/images/M/MV5BMjMyMzk1Nzg3OF5BMl5BanBnXkFtZTcwOTQ2NjcxNw@@._V1_SX300.jpg"},
{"production_cost":150000000,"public_rating":6.3,"director":"Robert Zemeckis","description":"The warrior Beowulf must fight and defeat the monster Grendel who is terrorizing towns, and later, Grendel's mother, who begins killing out of revenge.","runtime":115,"title":"Beowulf","critic_rating":-1,"actor_names":["Robin Wright","Anthony Hopkins","Paul Baker","John Bilezikjian"],"foreign_revenue":194995215,"release_date":"11/16/2007","genre":["Animation","Action","Adventure"],"domestic_revenue":82195215,"poster":"http://ia.media-imdb.com/images/M/MV5BMTUzMjM0MTc3MF5BMl5BanBnXkFtZTcwNzU0ODMyMw@@._V1_SX300.jpg"},
{"production_cost":150000000,"public_rating":6.3,"director":"Tim Burton","description":"An imprisoned vampire, Barnabas Collins, is set free and returns to his ancestral home, where his dysfunctional descendants are in need of his protection.","runtime":113,"title":"Dark Shadows","critic_rating":37,"actor_names":["Johnny Depp","Michelle Pfeiffer","Helena Bonham Carter","Eva Green"],"foreign_revenue":236527149,"release_date":"05/11/2012","genre":["Comedy","Horror"],"domestic_revenue":79727149,"poster":"http://ia.media-imdb.com/images/M/MV5BMjc0NzAyMzI1MF5BMl5BanBnXkFtZTcwMTE0NDQ1Nw@@._V1_SX300.jpg"},
{"production_cost":150000000,"public_rating":6.4,"director":"Roland Emmerich","description":"While on a tour of the White House with his young daughter, a Capitol policeman springs into action to save his child and protect the president from a heavily armed group of paramilitary invaders.","runtime":131,"title":"White House Down","critic_rating":50,"actor_names":["Channing Tatum","Jamie Foxx","Maggie Gyllenhaal","Jason Clarke"],"foreign_revenue":205440387,"release_date":"06/28/2013","genre":["Action","Drama","Thriller"],"domestic_revenue":73103784,"poster":"http://ia.media-imdb.com/images/M/MV5BMTAyNzQyNTcwNjVeQTJeQWpwZ15BbWU3MDAwOTQ4Nzk@._V1_SX300.jpg"},
{"production_cost":150000000,"public_rating":5.8,"director":"Joe Johnston","description":"Upon his return to his ancestral homeland, an American man is bitten, and subsequently cursed by, a werewolf.","runtime":103,"title":"The Wolfman","critic_rating":34,"actor_names":["Simon Merrells","Gemma Whelan","Emily Blunt","Benicio Del Toro"],"foreign_revenue":142634358,"release_date":"02/12/2010","genre":["Drama","Horror","Thriller"],"domestic_revenue":62189884,"poster":"http://ia.media-imdb.com/images/M/MV5BOTUyODEyMDIyM15BMl5BanBnXkFtZTcwNTYxMzg5Mg@@._V1_SX300.jpg"},
{"production_cost":150000000,"public_rating":5.4,"director":"Simon Wells","description":"A young boy named Milo gains a deeper appreciation for his mom after Martians come to Earth to take her away.","runtime":88,"title":"Mars Needs Moms","critic_rating":37,"actor_names":["Seth Green","Dan Fogler","Joan Cusack","Elisabeth Harnois"],"foreign_revenue":39549758,"release_date":"03/11/2011","genre":["Animation","Action","Adventure"],"domestic_revenue":21392758,"poster":"http://ia.media-imdb.com/images/M/MV5BOTA0MTQ2Mzc3N15BMl5BanBnXkFtZTcwNzA4ODAwNA@@._V1_SX300.jpg"},
{"production_cost":149000000,"public_rating":6.7,"director":"David Bowers, Sam Fell","description":"The story of an uptown rat that gets flushed down the toilet from his penthouse apartment, ending in the sewers of London, where he has to learn a whole new and different way of life.","runtime":85,"title":"Flushed Away","critic_rating":72,"actor_names":["Hugh Jackman","Kate Winslet","Ian Mc Kellen","Jean Reno"],"foreign_revenue":177665672,"release_date":"11/03/2006","genre":["Animation","Adventure","Comedy"],"domestic_revenue":64665672,"poster":"http://ia.media-imdb.com/images/M/MV5BMTI1MzE1MDk2N15BMl5BanBnXkFtZTYwMjEwMzI3._V1_SX300.jpg"},
{"production_cost":145000000,"public_rating":7,"director":"Eric Darnell, Tom McGrath, Conrad Vernon","description":"Alex, Marty, Gloria and Melman are still fighting to get home to their beloved Big Apple. Their journey takes them through Europe where they find the perfect cover: a traveling circus, which they reinvent - Madagascar style.","runtime":93,"title":"Madagascar 3: Europe's Most Wanted","critic_rating":79,"actor_names":["Ben Stiller","Chris Rock","David Schwimmer","Jada Pinkett Smith"],"foreign_revenue":746921271,"release_date":"06/08/2012","genre":["Animation","Adventure","Comedy"],"domestic_revenue":216391482,"poster":"http://ia.media-imdb.com/images/M/MV5BMTM2MTIzNzk2MF5BMl5BanBnXkFtZTcwMDcwMzQxNw@@._V1_SX300.jpg"},
{"production_cost":145000000,"public_rating":7.4,"director":"Brad Bird","description":"The IMF is shut down when it's implicated in the bombing of the Kremlin, causing Ethan Hunt and his new team to go rogue to clear their organization's name.","runtime":133,"title":"Mission: Impossible - Ghost Protocol","critic_rating":93,"actor_names":["Tom Cruise","Paula Patton","Simon Pegg","Jeremy Renner"],"foreign_revenue":694713230,"release_date":"12/16/2011","genre":["Action","Adventure","Thriller"],"domestic_revenue":209397903,"poster":"http://ia.media-imdb.com/images/M/MV5BMTY4MTUxMjQ5OV5BMl5BanBnXkFtZTcwNTUyMzg5Ng@@._V1_SX300.jpg"},
{"production_cost":145000000,"public_rating":8.1,"director":"Dean DeBlois","description":"When Hiccup and Toothless discover an ice cave that is home to hundreds of new wild dragons and the mysterious Dragon Rider, the two friends find themselves at the center of a battle to protect the peace.","runtime":102,"title":"How to Train Your Dragon 2","critic_rating":92,"actor_names":["Jay Baruchel","Cate Blanchett","Gerard Butler","Craig Ferguson"],"foreign_revenue":615930729,"release_date":"06/13/2014","genre":["Animation","Action","Adventure"],"domestic_revenue":176830729,"poster":"http://ia.media-imdb.com/images/M/MV5BMzMwMTAwODczN15BMl5BanBnXkFtZTgwMDk2NDA4MTE@._V1_SX300.jpg"},
{"production_cost":145000000,"public_rating":7.2,"director":"Chris Buck, Kevin Lima","description":"A man raised by gorillas must decide where he really belongs when he discovers he is a human.","runtime":88,"title":"Tarzan","critic_rating":-1,"actor_names":["Brian Blessed","Glenn Close","Minnie Driver","Tony Goldwyn"],"foreign_revenue":448191819,"release_date":"06/16/1999","genre":["Animation","Adventure","Drama"],"domestic_revenue":171091819,"poster":"http://ia.media-imdb.com/images/M/MV5BMTIxNzY1MDg2Ml5BMl5BanBnXkFtZTcwMDgxMDEzMQ@@._V1_SX300.jpg"},
{"production_cost":145000000,"public_rating":7,"director":"Rob Minkoff","description":"The time-travelling adventures of an advanced canine and his adopted son, as they endeavor to fix a time rift they created.","runtime":92,"title":"Mr. Peabody & Sherman","critic_rating":79,"actor_names":["Ty Burrell","Max Charles","Lauri Fraser","Guillaume Aretos"],"foreign_revenue":269806430,"release_date":"03/07/2014","genre":["Animation","Adventure","Comedy"],"domestic_revenue":111506430,"poster":"http://ia.media-imdb.com/images/M/MV5BMTkxMzM0NzcwN15BMl5BanBnXkFtZTgwNzk1MjMzMTE@._V1_SX300.jpg"},
{"production_cost":145000000,"public_rating":7.3,"director":"Peter Ramsey","description":"When the evil spirit Pitch launches an assault on Earth, the Immortal Guardians team up to protect the innocence of children all around the world.","runtime":97,"title":"Rise of the Guardians","critic_rating":74,"actor_names":["Chris Pine","Alec Baldwin","Jude Law","Isla Fisher"],"foreign_revenue":306900902,"release_date":"11/21/2012","genre":["Animation","Adventure","Family"],"domestic_revenue":103412758,"poster":"http://ia.media-imdb.com/images/M/MV5BMTkzMjgwMDg1M15BMl5BanBnXkFtZTcwMTgzNTI1OA@@._V1_SX300.jpg"},
{"production_cost":145000000,"public_rating":6,"director":"Breck Eisner","description":"Master explorer Dirk Pitt goes on the adventure of a lifetime of seeking out a lost Civil War battleship known as the Ship of Death","runtime":124,"title":"Sahara","critic_rating":39,"actor_names":["Matthew Mc Conaughey","Steve Zahn","PenÃ©lope Cruz","William H.Macy"],"foreign_revenue":121671925,"release_date":"04/08/2005","genre":["Action","Adventure","Comedy"],"domestic_revenue":68671925,"poster":"http://ia.media-imdb.com/images/M/MV5BMjExOTM4NDUzNV5BMl5BanBnXkFtZTcwOTgzNzczMw@@._V1_SX300.jpg"},
{"production_cost":142000000,"public_rating":6.1,"director":"Lee Tamahori","description":"James Bond is sent to investigate the connection between a North Korean terrorist and a diamond mogul who is funding the development of an international space weapon.","runtime":133,"title":"Die Another Day","critic_rating":57,"actor_names":["Pierce Brosnan","Halle Berry","Toby Stephens","Rosamund Pike"],"foreign_revenue":431942139,"release_date":"11/22/2002","genre":["Action","Adventure","Crime"],"domestic_revenue":160942139,"poster":"http://ia.media-imdb.com/images/M/MV5BMTM2NzY2NjMwMF5BMl5BanBnXkFtZTYwOTUyMDg5._V1_SX300.jpg"},
{"production_cost":140000000,"public_rating":8,"director":"J.J. Abrams","description":"The brash James T. Kirk tries to live up to his father's legacy with Mr. Spock keeping him in check as a vengeful, time-traveling Romulan creates black holes to destroy the Federation one planet at a time.","runtime":127,"title":"Star Trek","critic_rating":95,"actor_names":["Chris Pine","Zachary Quinto","Leonard Nimoy","Eric Bana"],"foreign_revenue":385680446,"release_date":"05/08/2009","genre":["Action","Adventure","Sci-Fi"],"domestic_revenue":257730019,"poster":"http://ia.media-imdb.com/images/M/MV5BMjE5NDQ5OTE4Ml5BMl5BanBnXkFtZTcwOTE3NDIzMw@@._V1_SX300.jpg"},
{"production_cost":140000000,"public_rating":6.6,"director":"Michael Bay","description":"After discovering that an asteroid the size of Texas is going to impact Earth in less than a month, N.A.S.A. recruits a misfit team of deep core drillers to save the planet.","runtime":151,"title":"Armageddon","critic_rating":-1,"actor_names":["Bruce Willis","Billy Bob Thornton","Ben Affleck","Liv Tyler"],"foreign_revenue":554600000,"release_date":"07/01/1998","genre":["Action","Adventure","Sci-Fi"],"domestic_revenue":201578182,"poster":"http://ia.media-imdb.com/images/M/MV5BMTc3NzA4MDIyNV5BMl5BanBnXkFtZTcwMzc1OTM2MQ@@._V1_SX300.jpg"},
{"production_cost":140000000,"public_rating":6,"director":"Barry Sonnenfeld","description":"Agent J needs help so he is sent to find Agent K and restore his memory.","runtime":88,"title":"Men in Black 2","critic_rating":39,"actor_names":["Tommy Lee Jones","Will Smith","Rip Torn","Lara Flynn Boyle"],"foreign_revenue":441767803,"release_date":"07/03/2002","genre":["Action","Comedy","Sci-Fi"],"domestic_revenue":190418803,"poster":"http://ia.media-imdb.com/images/M/MV5BMTMxNDA0NTMxMV5BMl5BanBnXkFtZTYwMDE2NzY2._V1_SX300.jpg"},
{"production_cost":140000000,"public_rating":6.8,"director":"Joe Johnston","description":"Steve Rogers, a rejected military soldier transforms into Captain America after taking a dose of a Super-Soldier serum","runtime":124,"title":"Captain America: The First Avenger","critic_rating":79,"actor_names":["Chris Evans","Hayley Atwell","Sebastian Stan","Tommy Lee Jones"],"foreign_revenue":370569776,"release_date":"07/22/2011","genre":["Action","Adventure","Sci-Fi"],"domestic_revenue":176654505,"poster":"http://ia.media-imdb.com/images/M/MV5BMTYzOTc2NzU3N15BMl5BanBnXkFtZTcwNjY3MDE3NQ@@._V1_SX300.jpg"},
{"production_cost":140000000,"public_rating":6.6,"director":"Richard Donner","description":"With personal crises and age weighing in on them, LAPD officers Riggs and Murtaugh must contend with a deadly Chinese crimelord trying to get his brother out of prison.","runtime":127,"title":"Lethal Weapon 4","critic_rating":52,"actor_names":["Mel Gibson","Danny Glover","Joe Pesci","Rene Russo"],"foreign_revenue":285400000,"release_date":"07/10/1998","genre":["Action","Crime","Thriller"],"domestic_revenue":130444603,"poster":"http://ia.media-imdb.com/images/M/MV5BMTU0OTc5NjI3OV5BMl5BanBnXkFtZTcwNTg5NDEyMQ@@._V1_SX300.jpg"},
{"production_cost":140000000,"public_rating":5.8,"director":"Jon M. Chu","description":"The G.I. Joes are not only fighting their mortal enemy Cobra; they are forced to contend with threats from within the government that jeopardize their very existence.","runtime":110,"title":"G.I. Joe: Retaliation","critic_rating":28,"actor_names":["Dwayne Johnson","Jonathan Pryce","Byung-hun Lee","Elodie Yung"],"foreign_revenue":371923060,"release_date":"03/27/2013","genre":["Action","Adventure","Sci-Fi"],"domestic_revenue":122523060,"poster":"http://ia.media-imdb.com/images/M/MV5BNzk5ODM0OTQ0N15BMl5BanBnXkFtZTcwODg2ODE4OA@@._V1_SX300.jpg"},
{"production_cost":140000000,"public_rating":7.7,"director":"Edward Zwick","description":"An American military advisor embraces the Samurai culture he was hired to destroy after he is captured in battle.","runtime":154,"title":"The Last Samurai","critic_rating":65,"actor_names":["Ken Watanabe","Tom Cruise","William Atherton","Chad Lindberg"],"foreign_revenue":456810575,"release_date":"12/05/2003","genre":["Action","Drama","History"],"domestic_revenue":111110575,"poster":"http://ia.media-imdb.com/images/M/MV5BMzkyNzQ1Mzc0NV5BMl5BanBnXkFtZTcwODg3MzUzMw@@._V1_SX300.jpg"},
{"production_cost":140000000,"public_rating":6.1,"director":"Dean Parisot","description":"An update of the 1977 comedy, Dick and Jane are living the good life. That is until Dick (Jim Carrey) loses his job shortly after getting a promotion that convinced his wife Jane (TÃ©a Leoni) to quit her job. The money is gone, and the house ends up in foreclosure. Dick decides to turn to a hilarious life of crime to pay the bills with his lovely wife by his side. Then together they decide it's ...","runtime":90,"title":"Fun With Dick And Jane","critic_rating":29,"actor_names":["Jim Carrey","TÃ©a Leoni","Alec Baldwin","Richard Jenkins"],"foreign_revenue":201798116,"release_date":"12/21/2005","genre":["Comedy","Crime"],"domestic_revenue":110550000,"poster":"http://ia.media-imdb.com/images/M/MV5BMjE2NzE5MDI4NV5BMl5BanBnXkFtZTcwODYxOTYzMQ@@._V1_SX300.jpg"},
{"production_cost":139000000,"public_rating":7.3,"director":"Sam Raimi","description":"When bitten by a genetically modified spider, a nerdy, shy, and awkward high school student gains spider-like abilities that he eventually must use to fight evil as a superhero after tragedy befalls his family.","runtime":121,"title":"Spider-Man","critic_rating":89,"actor_names":["Tobey Maguire","Willem Dafoe","Kirsten Dunst","James Franco"],"foreign_revenue":821565375,"release_date":"05/03/2002","genre":["Action","Adventure"],"domestic_revenue":403706375,"poster":"http://ia.media-imdb.com/images/M/MV5BMzk3MTE5MDU5NV5BMl5BanBnXkFtZTYwMjY3NTY3._V1_SX300.jpg"},
{"production_cost":138000000,"public_rating":7.6,"director":"Zack Snyder","description":"In an alternate 1985 where former superheroes exist, the murder of a colleague sends active vigilante Rorschach into his own sprawling investigation, uncovering something that could completely change the course of history as we know it.","runtime":162,"title":"Watchmen","critic_rating":65,"actor_names":["Malin Akerman","Billy Crudup","Matthew Goode","Jackie Earle Haley"],"foreign_revenue":184068357,"release_date":"03/06/2009","genre":["Action","Mystery","Sci-Fi"],"domestic_revenue":107509799,"poster":"http://ia.media-imdb.com/images/M/MV5BMTc0NjI2OTYxMF5BMl5BanBnXkFtZTcwMTcxMjkyMg@@._V1_SX300.jpg"},
{"production_cost":138000000,"public_rating":5,"director":"Rob Cohen","description":"Deeply ensconced in a top-secret military program, three pilots struggle to bring an artificial intelligence program under control before it initiates the next world war.","runtime":121,"title":"Stealth","critic_rating":13,"actor_names":["Josh Lucas","Jessica Biel","Jamie Foxx","Sam Shepard"],"foreign_revenue":76416746,"release_date":"07/29/2005","genre":["Action","Adventure","Sci-Fi"],"domestic_revenue":32116746,"poster":"http://ia.media-imdb.com/images/M/MV5BNzMzNTY0NTYwOV5BMl5BanBnXkFtZTcwMTExNjgyMQ@@._V1_SX300.jpg"},
{"production_cost":137500000,"public_rating":6.9,"director":"Louis Leterrier","description":"Bruce Banner, a scientist on the run from the U.S. Government must find a cure for the monster he emerges whenever he loses his temper. However, Banner then must fight a soldier whom unleashes himself as a threat stronger than he.","runtime":112,"title":"The Incredible Hulk","critic_rating":67,"actor_names":["Edward Norton","Liv Tyler","Tim Roth","William Hurt"],"foreign_revenue":263417913,"release_date":"06/13/2008","genre":["Action","Adventure","Sci-Fi"],"domestic_revenue":134806913,"poster":"http://ia.media-imdb.com/images/M/MV5BMTUyNzk3MjA1OF5BMl5BanBnXkFtZTcwMTE1Njg2MQ@@._V1_SX300.jpg"},
{"production_cost":137000000,"public_rating":5.7,"director":"Ang Lee","description":"Bruce Banner, a genetics researcher with a tragic past, suffers an accident that causes him to transform into a raging green monster when he gets angry.","runtime":138,"title":"Hulk","critic_rating":67,"actor_names":["Eric Bana","Jennifer Connelly","Sam Elliott","Josh Lucas"],"foreign_revenue":245229234,"release_date":"06/20/2003","genre":["Action","Sci-Fi"],"domestic_revenue":132177234,"poster":"http://ia.media-imdb.com/images/M/MV5BMTQxNzUxNTE4Nl5BMl5BanBnXkFtZTYwMjcyNTk5._V1_SX300.jpg"},
{"production_cost":137000000,"public_rating":6.4,"director":"Hironobu Sakaguchi, Motonori Sakakibara","description":"A scientist makes a last stand on Earth with the help of a ragtag team of soldiers against an invasion of alien phantoms.","runtime":106,"title":"Final Fantasy: The Spirits Within","critic_rating":44,"actor_names":["Ming-Na Wen","Alec Baldwin","Ving Rhames","Steve Buscemi"],"foreign_revenue":85131830,"release_date":"07/11/2001","genre":["Animation","Action","Adventure"],"domestic_revenue":32131830,"poster":"http://ia.media-imdb.com/images/M/MV5BMTkwODY0MzY5M15BMl5BanBnXkFtZTYwOTY5Mjg5._V1_SX300.jpg"},
{"production_cost":136200000,"public_rating":5.6,"director":"Bill Condon","description":"After the birth of Renesmee, the Cullens gather other vampire clans in order to protect the child from a false allegation that puts the family in front of the Volturi.","runtime":115,"title":"The Twilight Saga: Breaking Dawn, Part 2","critic_rating":49,"actor_names":["Kristen Stewart","Robert Pattinson","Taylor Lautner","Peter Facinelli"],"foreign_revenue":832660037,"release_date":"11/16/2012","genre":["Adventure","Drama","Fantasy"],"domestic_revenue":292324737,"poster":"http://ia.media-imdb.com/images/M/MV5BMTcyMzUyMzY1OF5BMl5BanBnXkFtZTcwNDQ4ODk1OA@@._V1_SX300.jpg"},
{"production_cost":135000000,"public_rating":7.3,"director":"Kirk De Micco, Chris Sanders","description":"After their cave is destroyed, a caveman family must trek through an unfamiliar fantastical world with the help of an inventive boy.","runtime":98,"title":"The Croods","critic_rating":70,"actor_names":["Nicolas Cage","Emma Stone","Ryan Reynolds","Catherine Keener"],"foreign_revenue":573068425,"release_date":"03/22/2013","genre":["Animation","Adventure","Comedy"],"domestic_revenue":187168425,"poster":"http://ia.media-imdb.com/images/M/MV5BMTcyOTc2OTA1Ml5BMl5BanBnXkFtZTcwOTI1MjkzOQ@@._V1_SX300.jpg"},
{"production_cost":135000000,"public_rating":6.4,"director":"Michael Apted","description":"James Bond uncovers a nuclear plot when he protects an oil heiress from her former kidnapper, an international terrorist who can't feel pain.","runtime":128,"title":"The World is Not Enough","critic_rating":51,"actor_names":["Pierce Brosnan","Sophie Marceau","Robert Carlyle","Denise Richards"],"foreign_revenue":361730660,"release_date":"11/19/1999","genre":["Action","Adventure","Crime"],"domestic_revenue":126930660,"poster":"http://ia.media-imdb.com/images/M/MV5BMjA0MzUyNjg0MV5BMl5BanBnXkFtZTcwNDY5MDg0NA@@._V1_SX300.jpg"},
{"production_cost":135000000,"public_rating":7.3,"director":"Gore Verbinski","description":"Rango is an ordinary chameleon who accidentally winds up in the town of Dirt, a lawless outpost in the Wild West in desperate need of a new sheriff.","runtime":107,"title":"Rango","critic_rating":88,"actor_names":["Johnny Depp","Isla Fisher","Abigail Breslin","Ned Beatty"],"foreign_revenue":245504574,"release_date":"03/04/2011","genre":["Animation","Adventure","Comedy"],"domestic_revenue":123257581,"poster":"http://ia.media-imdb.com/images/M/MV5BMjE5ODg1NTk3OF5BMl5BanBnXkFtZTcwNzA5NTMyNA@@._V1_SX300.jpg"},
{"production_cost":135000000,"public_rating":7.4,"director":"Peter Weir","description":"During the Napoleonic Wars, a brash British captain pushes his ship and crew to their limits in pursuit of a formidable French war vessel around South America.","runtime":138,"title":"Master and Commander: The Far Side of the World","critic_rating":85,"actor_names":["Russell Crowe","Paul Bettany","James D'Arcy","Edward Woodall"],"foreign_revenue":212912137,"release_date":"11/14/2003","genre":["Action","Adventure","Drama"],"domestic_revenue":93926386,"poster":"http://ia.media-imdb.com/images/M/MV5BMjA5NjYyMDM5NV5BMl5BanBnXkFtZTYwOTU5MDY2._V1_SX300.jpg"},
{"production_cost":135000000,"public_rating":6.5,"director":"David Soren","description":"A freak accident might just help an everyday garden snail achieve his biggest dream: winning the Indy 500.","runtime":96,"title":"Turbo","critic_rating":67,"actor_names":["Ryan Reynolds","Paul Giamatti","Michael PeÃ±a","Samuel L.Jackson"],"foreign_revenue":283828130,"release_date":"07/17/2013","genre":["Animation","Adventure","Comedy"],"domestic_revenue":83028130,"poster":"http://ia.media-imdb.com/images/M/MV5BMTA4NTgwMjM5MzheQTJeQWpwZ15BbWU3MDg2ODA1ODk@._V1_SX300.jpg"},
{"production_cost":135000000,"public_rating":5.9,"director":"George Miller, Gary Eck, David Peers","description":"Mumble's son, Erik, is struggling to realize his talents in the Emperor Penguin world. Meanwhile, Mumble and his family and friends discover a new threat their home -- one that will take everyone working together to save them.","runtime":100,"title":"Happy Feet Two","critic_rating":46,"actor_names":["Carlos Alazraqui","Lombardo Boyar","Jeffrey Garcia","Johnny A.Sanchez"],"foreign_revenue":157956466,"release_date":"11/18/2011","genre":["Animation","Comedy","Family"],"domestic_revenue":64006466,"poster":"http://ia.media-imdb.com/images/M/MV5BMTg1MzU2Nzg2OV5BMl5BanBnXkFtZTcwNzE3MzAxNg@@._V1_SX300.jpg"},
{"production_cost":135000000,"public_rating":6,"director":"Michael Mann","description":"Based on the 1980s TV action/drama, this update focuses on vice detectives Crockett and Tubbs as their respective personal and professional lives become dangerously intertwined.","runtime":134,"title":"Miami Vice","critic_rating":47,"actor_names":["Colin Farrell","Jamie Foxx","Li Gong","Naomie Harris"],"foreign_revenue":163818556,"release_date":"07/28/2006","genre":["Action","Crime","Drama"],"domestic_revenue":63478838,"poster":"http://ia.media-imdb.com/images/M/MV5BMTM4MDQ5MTkxMV5BMl5BanBnXkFtZTcwMTU4MzUzMQ@@._V1_SX300.jpg"},
{"production_cost":132000000,"public_rating":6.5,"director":"Steven Spielberg","description":"As Earth is invaded by alien tripod fighting machines, one family fights for survival.","runtime":116,"title":"War of the Worlds","critic_rating":74,"actor_names":["Tom Cruise","Dakota Fanning","Miranda Otto","Justin Chatwin"],"foreign_revenue":606836535,"release_date":"06/29/2005","genre":["Adventure","Sci-Fi","Thriller"],"domestic_revenue":234280354,"poster":"http://ia.media-imdb.com/images/M/MV5BNDUyODAzNDI1Nl5BMl5BanBnXkFtZTcwMDA2NDAzMw@@._V1_SX300.jpg"},
{"production_cost":125000000,"public_rating":8.1,"director":"Gore Verbinski","description":"Blacksmith Will Turner teams up with eccentric pirate ","runtime":143,"title":"Pirates of the Caribbean: The Curse of the Black Pearl","critic_rating":79,"actor_names":["Johnny Depp","Geoffrey Rush","Orlando Bloom","Keira Knightley"],"foreign_revenue":634954103,"release_date":"07/09/2003","genre":["Action","Adventure","Fantasy"],"domestic_revenue":305411224,"poster":"http://ia.media-imdb.com/images/M/MV5BMjAyNDM4MTc2N15BMl5BanBnXkFtZTYwNDk0Mjc3._V1_SX300.jpg"},
{"production_cost":48000000,"public_rating":7.1,"director":"Gore Verbinski","description":"A young journalist must investigate a mysterious videotape which seems to cause the death of anyone in a week of viewing it.","runtime":115,"title":"The Ring","critic_rating":76,"actor_names":["Naomi Watts","Martin Henderson","David Dorfman","Brian Cox"],"foreign_revenue":196308367,"release_date":"10/18/2002","genre":["Horror","Mystery"],"domestic_revenue":95308367,"poster":"http://ia.media-imdb.com/images/M/MV5BNDA2NTg2NjE4Ml5BMl5BanBnXkFtZTYwMjYxMDg5._V1_SX300.jpg"},
{"production_cost":40000000,"public_rating":6.1,"director":"Gore Verbinski","description":"A man tries to transport an ancient gun called The Mexican, believed to carry a curse, back across the border, while his girlfriend pressures him to give up his criminal ways.","runtime":123,"title":"The Mexican","critic_rating":55,"actor_names":["Brad Pitt","Julia Roberts","James Gandolfini","J.K.Simmons"],"foreign_revenue":139474906,"release_date":"03/02/2001","genre":["Adventure","Comedy","Crime"],"domestic_revenue":64167069,"poster":"http://ia.media-imdb.com/images/M/MV5BNDE0NzM4ODIwMV5BMl5BanBnXkFtZTcwNTI1MzEyMQ@@._V1_SX300.jpg"},
{"production_cost":38000000,"public_rating":6.4,"director":"Gore Verbinski","description":"Two stumblebum inheritors are determined to rid their antique house of a mouse who is equally determined to stay where he is.","runtime":98,"title":"Mouse Hunt","critic_rating":28,"actor_names":["Nathan Lane","Lee Evans","Vicki Lewis","Maury Chaykin"],"foreign_revenue":105887837,"release_date":"12/19/1997","genre":["Comedy","Family"],"domestic_revenue":53374681,"poster":"http://ia.media-imdb.com/images/M/MV5BMTk1MDExMTA5NF5BMl5BanBnXkFtZTcwOTMzNTIyMQ@@._V1_SX300.jpg"},
{"production_cost":36000000,"public_rating":7.8,"director":"Andrew Niccol","description":"A genetically inferior man assumes the identity of a superior one in order to pursue his lifelong dream of space travel.","runtime":106,"title":"Gattaca","critic_rating":11,"actor_names":["Ethan Hawke","Uma Thurman","Gore Vidal","Xander Berkeley"],"foreign_revenue":4020990,"release_date":"10/24/1997","genre":["Drama","Romance","Sci-Fi"],"domestic_revenue":1069334,"poster":"http://ia.media-imdb.com/images/M/MV5BNzQxMzU3OTQwNF5BMl5BanBnXkFtZTYwNDUyNTE5._V1_SX300.jpg"},
{"production_cost":130000000,"public_rating":7.4,"director":"Steven Spielberg","description":"Intrepid reporter Tintin and Captain Haddock set off on a treasure hunt for a sunken ship commanded by Haddock's ancestor.","runtime":107,"title":"The Adventures of Tintin","critic_rating":75,"actor_names":["Jamie Bell","Andy Serkis","Daniel Craig","Nick Frost"],"foreign_revenue":373993951,"release_date":"12/21/2011","genre":["Animation","Action","Adventure"],"domestic_revenue":77591831,"poster":"http://ia.media-imdb.com/images/M/MV5BNDE5MDExNTQ1OF5BMl5BanBnXkFtZTcwMDIxMTM5Ng@@._V1_SX300.jpg"},
{"production_cost":102000000,"public_rating":7.7,"director":"Steven Spielberg","description":"In a future where a special police unit is able to arrest murderers before they commit their crimes, an officer from that unit is himself accused of a future murder.","runtime":145,"title":"Minority Report","critic_rating":90,"actor_names":["Tom Cruise","Maxvon Sydow","Steve Harris","Neal Mc Donough"],"foreign_revenue":358824714,"release_date":"06/21/2002","genre":["Action","Mystery","Sci-Fi"],"domestic_revenue":132024714,"poster":"http://ia.media-imdb.com/images/M/MV5BMTc1NDI5NzQyNF5BMl5BanBnXkFtZTYwMjc4NTE5._V1_SX300.jpg"},
{"production_cost":90000000,"public_rating":7.1,"director":"Steven Spielberg","description":"A highly advanced robotic boy longs to become real","runtime":146,"title":"Artificial Intelligence: AI","critic_rating":73,"actor_names":["Haley Joel Osment","Frances O'Connor","Sam Robards","Jake Thomas"],"foreign_revenue":235900000,"release_date":"06/29/2001","genre":["Adventure","Drama","Sci-Fi"],"domestic_revenue":78616689,"poster":"http://ia.media-imdb.com/images/M/MV5BMTMwNDI0NjU1NF5BMl5BanBnXkFtZTcwNTcwOTI3MQ@@._V1_SX300.jpg"},
{"production_cost":75000000,"public_rating":6.4,"director":"Steven Spielberg","description":"A research team is sent to the Jurassic Park Site B island to study the dinosaurs there while another team approaches with another agenda.","runtime":129,"title":"The Lost World: Jurassic Park","critic_rating":52,"actor_names":["Jeff Goldblum","Julianne Moore","Pete Postlethwaite","Arliss Howard"],"foreign_revenue":786686679,"release_date":"05/22/1997","genre":["Action","Adventure","Sci-Fi"],"domestic_revenue":229086679,"poster":"http://ia.media-imdb.com/images/M/MV5BMTYxNjY1NjE2OV5BMl5BanBnXkFtZTYwNzE0MDc4._V1_SX300.jpg"},
{"production_cost":75000000,"public_rating":7.3,"director":"Steven Spielberg","description":"An eastern immigrant finds himself stranded in JFK airport, and must take up temporary residence there.","runtime":128,"title":"The Terminal","critic_rating":61,"actor_names":["Tom Hanks","Catherine Zeta-Jones","Stanley Tucci","Chi Mc Bride"],"foreign_revenue":218673959,"release_date":"06/18/2004","genre":["Comedy","Drama"],"domestic_revenue":77073959,"poster":"http://ia.media-imdb.com/images/M/MV5BMTM1MTIwNTMxOF5BMl5BanBnXkFtZTcwNjIxMjQyMw@@._V1_SX300.jpg"},
{"production_cost":75000000,"public_rating":7.6,"director":"Steven Spielberg","description":"Based on the true story of the Black September aftermath, about the five men chosen to eliminate the ones responsible for that fateful day.","runtime":164,"title":"Munich","critic_rating":78,"actor_names":["Eric Bana","Daniel Craig","CiarÃ¡n Hinds","Mathieu Kassovitz"],"foreign_revenue":130279090,"release_date":"12/23/2005","genre":["Drama","History","Thriller"],"domestic_revenue":47379090,"poster":"http://ia.media-imdb.com/images/M/MV5BMTcwNzYzMzMwMF5BMl5BanBnXkFtZTcwMzMzODczMQ@@._V1_SX300.jpg"},
{"production_cost":70000000,"public_rating":6.6,"director":"Steven Spielberg","description":"When Captain Hook kidnaps his children, an adult Peter Pan must return to Neverland and reclaim his youthful spirit in order to challenge his old enemy.","runtime":144,"title":"Hook","critic_rating":30,"actor_names":["Dustin Hoffman","Robin Williams","Julia Roberts","Bob Hoskins"],"foreign_revenue":300854823,"release_date":"12/11/1991","genre":["Adventure","Comedy","Family"],"domestic_revenue":119654823,"poster":"http://ia.media-imdb.com/images/M/MV5BMTU2MzYzOTQyMF5BMl5BanBnXkFtZTcwNDM2NDU2MQ@@._V1_SX300.jpg"},
{"production_cost":70000000,"public_rating":7.2,"director":"Steven Spielberg","description":"Young Albert enlists to serve in World War I after his beloved horse is sold to the cavalry. Albert's hopeful journey takes him out of England and to the front lines as the war rages on.","runtime":146,"title":"War Horse","critic_rating":77,"actor_names":["Jeremy Irvine","Peter Mullan","Emily Watson","Niels Arestrup"],"foreign_revenue":156815529,"release_date":"12/25/2011","genre":["Drama","War"],"domestic_revenue":79883359,"poster":"http://ia.media-imdb.com/images/M/MV5BMjExNzkxOTYyNl5BMl5BanBnXkFtZTcwODA0MjU4Ng@@._V1_SX300.jpg"},
{"production_cost":65000000,"public_rating":8.6,"director":"Steven Spielberg","description":"Following the Normandy Landings, a group of U.S. soldiers go behind enemy lines to retrieve a paratrooper whose brothers have been killed in action.","runtime":169,"title":"Saving Private Ryan","critic_rating":93,"actor_names":["Tom Hanks","Tom Sizemore","Edward Burns","Barry Pepper"],"foreign_revenue":485035085,"release_date":"07/24/1998","genre":["Action","Drama","War"],"domestic_revenue":216335085,"poster":"http://ia.media-imdb.com/images/M/MV5BNjczODkxNTAxN15BMl5BanBnXkFtZTcwMTcwNjUxMw@@._V1_SX300.jpg"},
{"production_cost":65000000,"public_rating":7.4,"director":"Steven Spielberg","description":"As the Civil War continues to rage, America's president struggles with continuing carnage on the battlefield and as he fights with many inside his own cabinet on the decision to emancipate the slaves.","runtime":150,"title":"Lincoln","critic_rating":90,"actor_names":["Daniel Day-Lewis","Sally Field","David Strathairn","Joseph Gordon-Levitt"],"foreign_revenue":273000960,"release_date":"11/09/2012","genre":["Biography","Drama","History"],"domestic_revenue":182207973,"poster":"http://ia.media-imdb.com/images/M/MV5BMTQzNzczMDUyNV5BMl5BanBnXkFtZTcwNjM2ODEzOA@@._V1_SX300.jpg"},
{"production_cost":63000000,"public_rating":8,"director":"Steven Spielberg","description":"During a preview tour, a theme park suffers a major power breakdown that allows its cloned dinosaur exhibits to run amok.","runtime":127,"title":"Jurassic Park","critic_rating":54,"actor_names":["Sam Neill","Laura Dern","Jeff Goldblum","Richard Attenborough"],"foreign_revenue":292738626,"release_date":"06/11/1993","genre":["Adventure","Sci-Fi","Thriller"],"domestic_revenue":213117789,"poster":"http://ia.media-imdb.com/images/M/MV5BMjQzODQyMzk2Nl5BMl5BanBnXkFtZTcwNTg4MjQ3OA@@._V1_SX300.jpg"},
{"production_cost":52000000,"public_rating":8,"director":"Steven Spielberg","description":"A true story about Frank Abagnale Jr., who, before his 19th birthday, successfully conned millions of dollars' worth of checks as a Pan Am pilot, doctor, and legal prosecutor.","runtime":141,"title":"Catch Me if You Can","critic_rating":54,"actor_names":["Leonardo DiCaprio","Tom Hanks","Christopher Walken","Martin Sheen"],"foreign_revenue":602500560,"release_date":"12/25/2002","genre":["Biography","Crime","Drama"],"domestic_revenue":144130063,"poster":"http://ia.media-imdb.com/images/M/MV5BMTY5MzYzNjc5NV5BMl5BanBnXkFtZTYwNTUyNTc2._V1_SX300.jpg"},
{"production_cost":48000000,"public_rating":8.3,"director":"Steven Spielberg","description":"When Dr. Henry Jones Sr. suddenly goes missing while pursuing the Holy Grail, eminent archaeologist Indiana Jones must follow in his father's footsteps and stop the Nazis.","runtime":127,"title":"Indiana Jones and the Last Crusade","critic_rating":92,"actor_names":["Harrison Ford","Sean Connery","Denholm Elliott","Alison Doody"],"foreign_revenue":208300000,"release_date":"05/24/1989","genre":["Action","Adventure"],"domestic_revenue":124107476,"poster":"http://ia.media-imdb.com/images/M/MV5BMTQxMTUyODg2OF5BMl5BanBnXkFtZTcwNDM2MjAxNA@@._V1_SX300.jpg"},
{"production_cost":40000000,"public_rating":7.2,"director":"Steven Spielberg","description":"About a 1839 mutiny aboard a slave ship that is traveling towards the northeastern coast of America. Much of the story involves a court-room drama about the free man who led the revolt.","runtime":155,"title":"Amistad","critic_rating":61,"actor_names":["Morgan Freeman","Nigel Hawthorne","Anthony Hopkins","Djimon Hounsou"],"foreign_revenue":157887643,"release_date":"12/12/1997","genre":["Drama","History","Mystery"],"domestic_revenue":42587643,"poster":"http://ia.media-imdb.com/images/M/MV5BOTY4NzgzMTU0Nl5BMl5BanBnXkFtZTgwNDYxNjcxMTE@._V1_SX300.jpg"},
{"production_cost":46000000,"public_rating":7.2,"director":"Christopher Nolan","description":"Two Los Angeles homicide detectives are dispatched to a northern town where the sun doesn't set to investigate the methodical murder of a local teen.","runtime":118,"title":"Insomnia","critic_rating":85,"actor_names":["Al Pacino","Martin Donovan","Oliver'Ole'Zemen","Hilary Swank"],"foreign_revenue":100833145,"release_date":"05/24/2002","genre":["Crime","Mystery","Thriller"],"domestic_revenue":59003384,"poster":"http://ia.media-imdb.com/images/M/MV5BMTM5Nzk2NDY3MF5BMl5BanBnXkFtZTgwMzI5MDgxMTE@._V1_SX300.jpg"},
{"production_cost":40000000,"public_rating":8.5,"director":"Christopher Nolan","description":"The rivalry between two magicians becomes more exacerbated by their attempt to perform the ultimate illusion.","runtime":130,"title":"The Prestige","critic_rating":64,"actor_names":["Hugh Jackman","Christian Bale","Michael Caine","Piper Perabo"],"foreign_revenue":127234389,"release_date":"10/20/2006","genre":["Drama","Mystery","Thriller"],"domestic_revenue":52000688,"poster":"http://ia.media-imdb.com/images/M/MV5BMjA4NDI0MTIxNF5BMl5BanBnXkFtZTYwNTM0MzY2._V1_SX300.jpg"},
{"production_cost":110000000,"public_rating":7.5,"director":"Martin Scorsese","description":"A biopic depicting the early years of legendary director and aviator Howard Hughes' career, from the late 1920s to the mid-1940s.","runtime":170,"title":"The Aviator","critic_rating":87,"actor_names":["Leonardo DiCaprio","Cate Blanchett","Kate Beckinsale","John C.Reilly"],"foreign_revenue":208372395,"release_date":"12/17/2004","genre":["Biography","Drama"],"domestic_revenue":102610330,"poster":"http://ia.media-imdb.com/images/M/MV5BMTUxMjQ5NzgyOF5BMl5BanBnXkFtZTcwNDg0ODYyMQ@@._V1_SX300.jpg"},
{"production_cost":100000000,"public_rating":8.3,"director":"Martin Scorsese","description":"Based on the true story of Jordan Belfort, from his rise to a wealthy stock-broker living the high life to his fall involving crime, corruption and the federal government.","runtime":180,"title":"The Wolf of Wall Street","critic_rating":77,"actor_names":["Leonardo DiCaprio","Jonah Hill","Margot Robbie","Matthew Mc Conaughey"],"foreign_revenue":391976723,"release_date":"12/25/2013","genre":["Biography","Comedy","Crime"],"domestic_revenue":116900694,"poster":"http://ia.media-imdb.com/images/M/MV5BMjIxMjgxNTk0MF5BMl5BanBnXkFtZTgwNjIyOTg2MDE@._V1_SX300.jpg"},
{"production_cost":97000000,"public_rating":7.5,"director":"Martin Scorsese","description":"In 1863, Amsterdam Vallon returns to the Five Points area of New York City seeking revenge against Bill the Butcher, his father's killer.","runtime":167,"title":"Gangs of New York","critic_rating":75,"actor_names":["Leonardo DiCaprio","Daniel Day-Lewis","Cameron Diaz","Jim Broadbent"],"foreign_revenue":190400000,"release_date":"12/20/2002","genre":["Crime","Drama","History"],"domestic_revenue":77730500,"poster":"http://ia.media-imdb.com/images/M/MV5BMTI4NTM0Mzg2NV5BMl5BanBnXkFtZTcwNjQxMDAwMQ@@._V1_SX300.jpg"},
{"production_cost":90000000,"public_rating":8.5,"director":"Martin Scorsese","description":"An undercover state cop who has infiltrated an Irish gang and a mole in the police force working for the same mob race to track down and identify each other before being exposed to the enemy, after both sides realize their outfit has a rat.","runtime":151,"title":"The Departed","critic_rating":92,"actor_names":["Leonardo DiCaprio","Matt Damon","Jack Nicholson","Mark Wahlberg"],"foreign_revenue":290539042,"release_date":"10/06/2006","genre":["Crime","Drama","Thriller"],"domestic_revenue":133311000,"poster":"http://ia.media-imdb.com/images/M/MV5BMTI1MTY2OTIxNV5BMl5BanBnXkFtZTYwNjQ4NjY3._V1_SX300.jpg"},
{"production_cost":80000000,"public_rating":8.1,"director":"Martin Scorsese","description":"In 1954, U.S. Marshal Teddy Daniels is investigating the disappearance of a murderess who escaped from a hospital for the criminally insane and is presumed to be hiding near-by.","runtime":138,"title":"Shutter Island","critic_rating":69,"actor_names":["Leonardo DiCaprio","Mark Ruffalo","Ben Kingsley","Maxvon Sydow"],"foreign_revenue":296831073,"release_date":"02/19/2010","genre":["Mystery","Thriller"],"domestic_revenue":128012934,"poster":"http://ia.media-imdb.com/images/M/MV5BMTMxMTIyNzMxMV5BMl5BanBnXkFtZTcwOTc4OTI3Mg@@._V1_SX300.jpg"},
{"production_cost":52000000,"public_rating":8.2,"director":"Martin Scorsese","description":"Greed, deception, money, power, and murder occur between two mobster best friends and a trophy wife over a gambling empire.","runtime":178,"title":"Casino","critic_rating":25,"actor_names":["Robert De Niro","Sharon Stone","Joe Pesci","James Woods"],"foreign_revenue":75829415,"release_date":"11/22/1995","genre":["Biography","Crime","Drama"],"domestic_revenue":37081475,"poster":"http://ia.media-imdb.com/images/M/MV5BMTMzMjkwMTk4Nl5BMl5BanBnXkFtZTYwNjYxMjk5._V1_SX300.jpg"},
{"production_cost":35000000,"public_rating":7.3,"director":"Martin Scorsese","description":"A convicted rapist, released from prison after serving a fourteen-year sentence, stalks the family of the lawyer who originally defended him.","runtime":128,"title":"Cape Fear","critic_rating":43,"actor_names":["Robert De Niro","Nick Nolte","Jessica Lange","Juliette Lewis"],"foreign_revenue":102115888,"release_date":"11/15/1991","genre":["Crime","Thriller"],"domestic_revenue":68915888,"poster":"http://ia.media-imdb.com/images/M/MV5BMjE0NDE2MDI2MF5BMl5BanBnXkFtZTgwOTU2Mzk5MDE@._V1_SX300.jpg"},
{"production_cost":34000000,"public_rating":7.3,"director":"Martin Scorsese","description":"A tale of nineteenth-century New York high society in which a young lawyer falls in love with a woman separated from her husband, while he is engaged to the woman's cousin.","runtime":139,"title":"The Age of Innocence","critic_rating":11,"actor_names":["Daniel Day-Lewis","Michelle Pfeiffer","Winona Ryder","Linda Faye Farkas"],"foreign_revenue":11263966,"release_date":"09/17/1993","genre":["Drama","Romance"],"domestic_revenue":11263966,"poster":"http://ia.media-imdb.com/images/M/MV5BMTQ5NTQ4NjkyMF5BMl5BanBnXkFtZTYwNzM5MDg4._V1_SX300.jpg"},
{"production_cost":32000000,"public_rating":6.8,"director":"Martin Scorsese","description":"Haunted by the patients he failed to save, an extremely burned-out Manhattan ambulance paramedic fights to maintain his sanity over three fraught and turbulent nights.","runtime":121,"title":"Bringing Out The Dead","critic_rating":29,"actor_names":["Nicolas Cage","Patricia Arquette","John Goodman","Ving Rhames"],"foreign_revenue":79915361,"release_date":"10/22/1999","genre":["Comedy","Drama","Thriller"],"domestic_revenue":10977721,"poster":"http://ia.media-imdb.com/images/M/MV5BMTQ4MjgzMDc1Nl5BMl5BanBnXkFtZTYwOTc5ODk4._V1_SX300.jpg"},
{"production_cost":109000000,"public_rating":8.8,"director":"Peter Jackson","description":"A meek hobbit of the Shire and eight companions set out on a journey to Mount Doom to destroy the One Ring and the dark lord Sauron.","runtime":178,"title":"The Lord of the Rings: The Fellowship of the Ring","critic_rating":91,"actor_names":["Alan Howard","Elijah Wood","Noel Appleby","Sean Astin"],"foreign_revenue":887217688,"release_date":"12/19/2001","genre":["Action","Adventure","Fantasy"],"domestic_revenue":315544750,"poster":"http://ia.media-imdb.com/images/M/MV5BNTEyMjAwMDU1OV5BMl5BanBnXkFtZTcwNDQyNTkxMw@@._V1_SX300.jpg"},
{"production_cost":95000000,"public_rating":6.7,"director":"Peter Jackson","description":"Centers on a young girl who has been murdered and watches over her family - and her killer - from purgatory. She must weigh her desire for vengeance against her desire for her family to heal.","runtime":135,"title":"The Lovely Bones","critic_rating":32,"actor_names":["Mark Wahlberg","Rachel Weisz","Susan Sarandon","Stanley Tucci"],"foreign_revenue":94894448,"release_date":"12/11/2009","genre":["Drama"],"domestic_revenue":44114232,"poster":"http://ia.media-imdb.com/images/M/MV5BMjAwNDA1MTM2MF5BMl5BanBnXkFtZTcwMzg3NDcwMw@@._V1_SX300.jpg"},
{"production_cost":94000000,"public_rating":8.9,"director":"Peter Jackson","description":"Gandalf and Aragorn lead the World of Men against Sauron's army to draw his gaze from Frodo and Sam as they approach Mount Doom with the One Ring.","runtime":201,"title":"The Lord of the Rings: The Return of the King","critic_rating":94,"actor_names":["Noel Appleby","Alexandra Astin","Sean Astin","David Aston"],"foreign_revenue":1141408667,"release_date":"12/17/2003","genre":["Adventure","Fantasy"],"domestic_revenue":377845905,"poster":"http://ia.media-imdb.com/images/M/MV5BMjE4MjA1NTAyMV5BMl5BanBnXkFtZTcwNzM1NDQyMQ@@._V1_SX300.jpg"},
{"production_cost":94000000,"public_rating":8.8,"director":"Peter Jackson","description":"While Frodo and Sam edge closer to Mordor with the help of the shifty Gollum, the divided fellowship makes a stand against Sauron's new ally, Saruman, and his hordes of Isengard.","runtime":179,"title":"The Lord of the Rings: The Two Towers","critic_rating":96,"actor_names":["Bruce Allpress","Sean Astin","John Bach","Sala Baker"],"foreign_revenue":927048984,"release_date":"12/18/2002","genre":["Adventure","Fantasy"],"domestic_revenue":342548984,"poster":"http://ia.media-imdb.com/images/M/MV5BMTAyNDU0NjY4NTheQTJeQWpwZ15BbWU2MDk4MTY2Nw@@._V1_SX300.jpg"},
{"production_cost":110000000,"public_rating":7.3,"director":"Len Wiseman","description":"John McClane and a young hacker join forces to take down master cyber-terrorist Thomas Gabriel in Washington D.C.","runtime":128,"title":"Live Free or Die Hard","critic_rating":82,"actor_names":["Bruce Willis","Timothy Olyphant","Justin Long","Maggie Q"],"foreign_revenue":383531464,"release_date":"06/27/2007","genre":["Action","Adventure","Thriller"],"domestic_revenue":134529403,"poster":"http://ia.media-imdb.com/images/M/MV5BNDQxMDE1OTg4NV5BMl5BanBnXkFtZTcwMTMzOTQzMw@@._V1_SX300.jpg"},
{"production_cost":92000000,"public_rating":5.3,"director":"John Moore","description":"John McClane travels to Russia to help out his seemingly wayward son, Jack, only to discover that Jack is a CIA operative working undercover, causing the father and son to team up against underworld forces.","runtime":98,"title":"A Good Day to Die Hard","critic_rating":14,"actor_names":["Bruce Willis","Jai Courtney","Sebastian Koch","Mary Elizabeth Winstead"],"foreign_revenue":304249198,"release_date":"02/14/2013","genre":["Action","Crime","Thriller"],"domestic_revenue":67349198,"poster":"http://ia.media-imdb.com/images/M/MV5BMTcwNzgyNzUzOV5BMl5BanBnXkFtZTcwMzAwOTA5OA@@._V1_SX300.jpg"},
{"production_cost":90000000,"public_rating":7.6,"director":"John McTiernan","description":"John McClane and a Harlem store owner are targeted by German terrorist Simon Gruber in New York City, where he plans to rob the Federal Reserve Building.","runtime":131,"title":"Die Hard: With a Vengeance","critic_rating":51,"actor_names":["Bruce Willis","Jeremy Irons","Samuel L.Jackson","Graham Greene"],"foreign_revenue":364480746,"release_date":"05/19/1995","genre":["Action","Adventure","Thriller"],"domestic_revenue":100012499,"poster":"http://ia.media-imdb.com/images/M/MV5BOTgyNDM4Mjg0OF5BMl5BanBnXkFtZTcwMjQxNTEzMQ@@._V1_SX300.jpg"},
{"production_cost":70000000,"public_rating":7.1,"director":"Renny Harlin","description":"John McClane, officer of the N.Y.P.D. and hero of the Nakatomi Hostage Crisis, attempts to avert disaster as rogue military officials seize control of Dulles International Airport in Washington, D.C.","runtime":124,"title":"Die Hard 2","critic_rating":66,"actor_names":["Bruce Willis","Bonnie Bedelia","William Atherton","Reginald Vel Johnson"],"foreign_revenue":239814025,"release_date":"07/03/1990","genre":["Action","Thriller"],"domestic_revenue":117323878,"poster":"http://ia.media-imdb.com/images/M/MV5BNzM1MzMwNzY2OF5BMl5BanBnXkFtZTgwNzE1MzkyMTE@._V1_SX300.jpg"},
{"production_cost":130000000,"public_rating":6.5,"director":"Michael Bay","description":"Two loose-cannon narcotics cops investigate the flow of Ecstacy into Florida.","runtime":147,"title":"Bad Boys II","critic_rating":23,"actor_names":["Martin Lawrence","Will Smith","Jordi MollÃ ","Gabrielle Union"],"foreign_revenue":272940870,"release_date":"07/18/2003","genre":["Action","Comedy","Crime"],"domestic_revenue":138540870,"poster":"http://ia.media-imdb.com/images/M/MV5BMTI4Mjc2OTE4MV5BMl5BanBnXkFtZTYwNTE3NDY3._V1_SX300.jpg"},
{"production_cost":120000000,"public_rating":6.9,"director":"Michael Bay","description":"A man goes on the run after he discovers that he is actually a ","runtime":136,"title":"The Island","critic_rating":40,"actor_names":["Ewan Mc Gregor","Scarlett Johansson","Djimon Hounsou","Sean Bean"],"foreign_revenue":163018913,"release_date":"07/22/2005","genre":["Action","Adventure","Sci-Fi"],"domestic_revenue":35818913,"poster":"http://ia.media-imdb.com/images/M/MV5BMTAwNjk0NjM1ODReQTJeQWpwZ15BbWU3MDc1NjIxMzM@._V1_SX300.jpg"},
{"production_cost":75000000,"public_rating":7.4,"director":"Michael Bay","description":"A mild-mannered chemist and an ex-con must lead the counterstrike when a rogue group of military men, led by a renegade general, threaten a nerve gas attack from Alcatraz against San Francisco.","runtime":136,"title":"The Rock","critic_rating":66,"actor_names":["Sean Connery","Nicolas Cage","Ed Harris","John Spencer"],"foreign_revenue":336069511,"release_date":"06/07/1996","genre":["Action","Adventure","Thriller"],"domestic_revenue":134069511,"poster":"http://ia.media-imdb.com/images/M/MV5BMTM3MTczOTM1OF5BMl5BanBnXkFtZTYwMjc1NDA5._V1_SX300.jpg"},
{"production_cost":85000000,"public_rating":6.7,"director":"Peter Berg","description":"A tough aspiring chef is hired to bring home a mobster's son from the Amazon but becomes involved in the fight against an oppressive town operator and the search for a legendary treasure.","runtime":104,"title":"The Rundown","critic_rating":71,"actor_names":["Dwayne Johnson","Seann William Scott","Rosario Dawson","Christopher Walken"],"foreign_revenue":80831893,"release_date":"09/26/2003","genre":["Action","Adventure","Comedy"],"domestic_revenue":47641743,"poster":"http://ia.media-imdb.com/images/M/MV5BMTI4OTM5MzIyNl5BMl5BanBnXkFtZTcwMjY5MzAwMQ@@._V1_SX300.jpg"},
{"production_cost":80000000,"public_rating":6.5,"director":"Peter Segal","description":"A highly intellectual but socially awkward spy is tasked with preventing a terrorist attack from a Russian spy agency.","runtime":110,"title":"Get Smart","critic_rating":51,"actor_names":["Steve Carell","Anne Hathaway","Dwayne Johnson","Alan Arkin"],"foreign_revenue":228742913,"release_date":"06/20/2008","genre":["Action","Comedy","Thriller"],"domestic_revenue":130319208,"poster":"http://ia.media-imdb.com/images/M/MV5BMjAzOTM1MzE0OF5BMl5BanBnXkFtZTYwNDE0Nzc4._V1_SX300.jpg"},
{"production_cost":79000000,"public_rating":5.8,"director":"Brad Peyton","description":"Sean Anderson partners with his mom's husband on a mission to find his grandfather, who is thought to be missing on a mythical island.","runtime":94,"title":"Journey 2: The Mysterious Island","critic_rating":42,"actor_names":["Dwayne Johnson","Michael Caine","Josh Hutcherson","Luis GuzmÃ¡n"],"foreign_revenue":325860290,"release_date":"02/10/2012","genre":["Action","Adventure","Comedy"],"domestic_revenue":103860290,"poster":"http://ia.media-imdb.com/images/M/MV5BMjA5MTE1MjQyNV5BMl5BanBnXkFtZTcwODI4NDMwNw@@._V1_SX300.jpg"},
{"production_cost":60000000,"public_rating":5.5,"director":"Chuck Russell","description":"A desert warrior rises up against the evil army that is destroying his homeland. He captures the enemy's key sorcerer, takes her deep into the desert and prepares for a final showdown.","runtime":92,"title":"The Scorpion King","critic_rating":71,"actor_names":["Dwayne Johnson","Steven Brand","Michael Clarke Duncan","Kelly Hu"],"foreign_revenue":196439693,"release_date":"04/19/2002","genre":["Action","Adventure","Fantasy"],"domestic_revenue":90380162,"poster":"http://ia.media-imdb.com/images/M/MV5BOTA1NTg0MDcxMF5BMl5BanBnXkFtZTcwNjUzODkyMw@@._V1_SX300.jpg"},
{"production_cost":60000000,"public_rating":6.1,"director":"Jorge Blanco, Javier Abad, Marcos MartÃ­nez","description":"American astronaut Captain Charles ","runtime":91,"title":"Planet 51","critic_rating":64,"actor_names":["Jessica Biel","John Cleese","Gary Oldman","Dwayne Johnson"],"foreign_revenue":81079566,"release_date":"11/20/2009","genre":["Animation","Adventure","Comedy"],"domestic_revenue":40572825,"poster":"http://ia.media-imdb.com/images/M/MV5BMTUyOTAyNTA5Ml5BMl5BanBnXkFtZTcwODU2OTM0Mg@@._V1_SX300.jpg"},
{"production_cost":55000000,"public_rating":6.2,"director":"Kevin Bray","description":"A former U.S. soldier returns to his hometown to find it overrun by crime and corruption, which prompts him to clean house.","runtime":86,"title":"Walking Tall","critic_rating":71,"actor_names":["Michael Bowen","Johnny Knoxville","Dwayne Johnson","Neal Mc Donough"],"foreign_revenue":679400525,"release_date":"04/02/2004","genre":["Action","Crime"],"domestic_revenue":329694499,"poster":"http://ia.media-imdb.com/images/M/MV5BMTM0MjYzNzM1N15BMl5BanBnXkFtZTcwMDcwNDc3NA@@._V1_SX300.jpg"},
{"production_cost":50000000,"public_rating":5.7,"director":"Andy Fickman","description":"A Las Vegas cabbie enlists the help of a UFO expert to protect two siblings with paranormal powers from the clutches of an organization that wants to use the kids for their nefarious plans.","runtime":98,"title":"Race to Witch Mountain","critic_rating":31,"actor_names":["Dwayne Johnson","Anna Sophia Robb","Alexander Ludwig","Carla Gugino"],"foreign_revenue":117211892,"release_date":"03/13/2009","genre":["Action","Adventure","Family"],"domestic_revenue":66711892,"poster":"http://ia.media-imdb.com/images/M/MV5BMzQ5MTM5NTU2NV5BMl5BanBnXkFtZTcwMDAzMjAyMg@@._V1_SX300.jpg"},
{"production_cost":70000000,"public_rating":7,"director":"Jean-Jacques Annaud","description":"True story of Heinrich Harrer, an Austrian mountain climber who became friends with the Dalai Lama at the time of China's takeover of Tibet.","runtime":136,"title":"Seven Years in Tibet","critic_rating":61,"actor_names":["Brad Pitt","David Thewlis","BDWong","Mako"],"foreign_revenue":131445884,"release_date":"10/08/1997","genre":["Adventure","Biography","Drama"],"domestic_revenue":37945884,"poster":"http://ia.media-imdb.com/images/M/MV5BMjExMTcyMTI2NF5BMl5BanBnXkFtZTYwNDUxMTI5._V1_SX300.jpg"},
{"production_cost":65000000,"public_rating":8.9,"director":"David Fincher","description":"An insomniac office worker looking for a way to change his life crosses paths with a devil-may-care soap maker and they form an underground fight club that evolves into something much, much more...","runtime":139,"title":"Fight Club","critic_rating":80,"actor_names":["Edward Norton","Brad Pitt","Helena Bonham Carter","Meat Loaf"],"foreign_revenue":100853753,"release_date":"10/15/1999","genre":["Drama"],"domestic_revenue":37030102,"poster":"http://ia.media-imdb.com/images/M/MV5BMjIwNTYzMzE1M15BMl5BanBnXkFtZTcwOTE5Mzg3OA@@._V1_SX300.jpg"},
{"production_cost":60000000,"public_rating":6.6,"director":"Patrick Gilmore, Tim Johnson","description":"The sailor of legend is framed by the goddess Eris for the theft of the Book of Peace, and must travel to her realm at the end of the world to retrieve it and save the life of his childhood friend Prince Proteus.","runtime":86,"title":"Sinbad: Legend of the Seven Seas","critic_rating":46,"actor_names":["Brad Pitt","Catherine Zeta-Jones","Michelle Pfeiffer","Joseph Fiennes"],"foreign_revenue":49473093,"release_date":"07/02/2003","genre":["Animation","Adventure","Comedy"],"domestic_revenue":25473093,"poster":"http://ia.media-imdb.com/images/M/MV5BMTU1ODc3NTA0Ml5BMl5BanBnXkFtZTcwMTEwMDAwMQ@@._V1_SX300.jpg"},
{"production_cost":50000000,"public_rating":7.6,"director":"Neil Jordan","description":"A vampire tells his epic life story: love, betrayal, loneliness, and hunger.","runtime":123,"title":"Interview with the Vampire: The Vampire Chronicles","critic_rating":44,"actor_names":["Brad Pitt","Christian Slater","Virginia Mc Collam","John Mc Connell"],"foreign_revenue":225990976,"release_date":"11/11/1994","genre":["Horror","Romance"],"domestic_revenue":97690976,"poster":"http://ia.media-imdb.com/images/M/MV5BMTIzMTIxOTg1NV5BMl5BanBnXkFtZTcwOTM0OTcxMQ@@._V1_SX300.jpg"},
{"production_cost":50000000,"public_rating":7.6,"director":"Bennett Miller","description":"Oakland A's general manager Billy Beane's successful attempt to assemble a baseball team on a lean budget by employing computer-generated analysis to acquire new players.","runtime":133,"title":"Moneyball","critic_rating":15,"actor_names":["Brad Pitt","Jonah Hill","Philip Seymour Hoffman","Robin Wright"],"foreign_revenue":200802638,"release_date":"09/23/2011","genre":["Biography","Drama","Sport"],"domestic_revenue":75367693,"poster":"http://ia.media-imdb.com/images/M/MV5BMjAxOTU3Mzc1M15BMl5BanBnXkFtZTcwMzk1ODUzNg@@._V1_SX300.jpg"},
{"production_cost":37000000,"public_rating":7,"director":"Ethan Coen, Joel Coen","description":"A disk containing the memoirs of a CIA agent ends up in the hands of two unscrupulous gym employees who attempt to sell it.","runtime":96,"title":"Burn After Reading","critic_rating":19,"actor_names":["George Clooney","Frances Mc Dormand","Brad Pitt","John Malkovich"],"foreign_revenue":55909910,"release_date":"09/12/2008","genre":["Comedy","Crime","Drama"],"domestic_revenue":44875481,"poster":"http://ia.media-imdb.com/images/M/MV5BMTczNjQxODE0N15BMl5BanBnXkFtZTcwMzIxMjc3MQ@@._V1_SX300.jpg"},
{"production_cost":35000000,"public_rating":6.7,"director":"Terrence Malick","description":"The story of a family in Waco, Texas in 1956. The eldest son witnesses the loss of innocence and struggles with his parents' conflicting teachings.","runtime":139,"title":"The Tree of Life","critic_rating":3,"actor_names":["Brad Pitt","Sean Penn","Jessica Chastain","Hunter Mc Cracken"],"foreign_revenue":12506188,"release_date":"05/27/2011","genre":["Drama","Fantasy"],"domestic_revenue":11989328,"poster":"http://ia.media-imdb.com/images/M/MV5BNTgyNTQzMDEwNV5BMl5BanBnXkFtZTcwMTQxNjI4NA@@._V1_SX300.jpg"},
{"production_cost":30000000,"public_rating":8.7,"director":"David Fincher","description":"Two detectives, a rookie and a veteran, hunt a serial killer who uses the seven deadly sins as his modus operandi.","runtime":127,"title":"Se7en","critic_rating":14,"actor_names":["Morgan Freeman","Andrew Kevin Walker","Daniel Zacapa","Brad Pitt"],"foreign_revenue":163644662,"release_date":"09/22/1995","genre":["Drama","Mystery","Thriller"],"domestic_revenue":85744662,"poster":"http://ia.media-imdb.com/images/M/MV5BMTQwNTU3MTE4NF5BMl5BanBnXkFtZTcwOTgxNDM2Mg@@._V1_SX300.jpg"},
{"production_cost":30000000,"public_rating":7.5,"director":"Edward Zwick","description":"Epic tale of three brothers and their father living in the remote wilderness of 1900s USA and how their lives are affected by nature, history, war, and love.","runtime":133,"title":"Legends of the Fall","critic_rating":80,"actor_names":["Brad Pitt","Anthony Hopkins","Aidan Quinn","Julia Ormond"],"foreign_revenue":116643610,"release_date":"12/23/1994","genre":["Drama","Romance","War"],"domestic_revenue":66380662,"poster":"http://ia.media-imdb.com/images/M/MV5BMTYwMjYxNTAyN15BMl5BanBnXkFtZTgwMTc3MjkyMTE@._V1_SX300.jpg"},
{"production_cost":100000000,"public_rating":8.5,"director":"Quentin Tarantino","description":"With the help of a German bounty hunter, a freed slave sets out to rescue his wife from a brutal Mississippi plantation owner.","runtime":165,"title":"Django Unchained","critic_rating":88,"actor_names":["Jamie Foxx","Christoph Waltz","Leonardo DiCaprio","Kerry Washington"],"foreign_revenue":425373688,"release_date":"12/25/2012","genre":["Western"],"domestic_revenue":162805434,"poster":"http://ia.media-imdb.com/images/M/MV5BMjIyNTQ5NjQ1OV5BMl5BanBnXkFtZTcwODg1MDU4OA@@._V1_SX300.jpg"},
{"production_cost":100000000,"public_rating":8,"director":"Edward Zwick","description":"A fisherman, a smuggler, and a syndicate of businessmen match wits over the possession of a priceless diamond.","runtime":143,"title":"Blood Diamond","critic_rating":62,"actor_names":["Leonardo DiCaprio","Djimon Hounsou","Jennifer Connelly","Kagiso Kuypers"],"foreign_revenue":171377916,"release_date":"12/08/2006","genre":["Adventure","Drama","Thriller"],"domestic_revenue":57377916,"poster":"http://ia.media-imdb.com/images/M/MV5BMTY5MTYyNjkwNV5BMl5BanBnXkFtZTcwODE3MTI0MQ@@._V1_SX300.jpg"},
{"production_cost":67500000,"public_rating":7.1,"director":"Ridley Scott","description":"A CIA agent on the ground in Jordan hunts down a powerful terrorist leader while being caught between the unclear intentions of his American supervisors and Jordon Intelligence.","runtime":128,"title":"Body of Lies","critic_rating":54,"actor_names":["Leonardo DiCaprio","Russell Crowe","Mark Strong","Golshifteh Farahani"],"foreign_revenue":108394666,"release_date":"10/10/2008","genre":["Action","Drama","Thriller"],"domestic_revenue":39394666,"poster":"http://ia.media-imdb.com/images/M/MV5BMTgzOTY3MTM0OV5BMl5BanBnXkFtZTcwNjc5MTI5MQ@@._V1_SX300.jpg"},
{"production_cost":50000000,"public_rating":6.6,"director":"Danny Boyle","description":"Twenty-something Richard travels to Thailand and finds himself in possession of a strange map. Rumours state that it leads to a solitary beach paradise, a tropical bliss - excited and intrigued, he sets out to find it.","runtime":119,"title":"The Beach","critic_rating":20,"actor_names":["Leonardo DiCaprio","Daniel York","Patcharawan Patarakijjanon","Virginie Ledoyen"],"foreign_revenue":69425966,"release_date":"02/11/2000","genre":["Adventure","Drama","Romance"],"domestic_revenue":39177684,"poster":"http://ia.media-imdb.com/images/M/MV5BMTM3MDE0MzQwMF5BMl5BanBnXkFtZTYwNjk4Mjk5._V1_SX300.jpg"},
{"production_cost":45000000,"public_rating":7.4,"director":"Sam Mendes","description":"A young couple living in a Connecticut suburb during the mid-1950s struggle to come to terms with their personal problems while trying to raise their two children.","runtime":119,"title":"Revolutionary Road","critic_rating":100,"actor_names":["Kate Winslet","Leonardo DiCaprio","Christopher Fitzgerald","Jonathan Roumie"],"foreign_revenue":112006296,"release_date":"12/26/2008","genre":["Drama","Romance"],"domestic_revenue":22006296,"poster":"http://ia.media-imdb.com/images/M/MV5BMTczNDgzMjczOV5BMl5BanBnXkFtZTcwOTU3MzMwMg@@._V1_SX300.jpg"},
{"production_cost":35000000,"public_rating":6.4,"director":"Randall Wallace","description":"The cruel King Louis XIV of France has a secret twin brother who he keeps imprisoned. Can the twin be substituted for the real king?","runtime":132,"title":"The Man in the Iron Mask","critic_rating":34,"actor_names":["Leonardo DiCaprio","Jeremy Irons","John Malkovich","GÃ©rard Depardieu"],"foreign_revenue":96096018,"release_date":"03/13/1998","genre":["Action","Adventure"],"domestic_revenue":54149098,"poster":"http://ia.media-imdb.com/images/M/MV5BMTczMDg2NTEyNF5BMl5BanBnXkFtZTcwMTY1ODE1NA@@._V1_SX300.jpg"},
{"production_cost":35000000,"public_rating":6.6,"director":"Clint Eastwood","description":"J. Edgar Hoover, powerful head of the F.B.I. for nearly 50 years, looks back on his professional and personal life.","runtime":137,"title":"J. Edgar","critic_rating":68,"actor_names":["Leonardo DiCaprio","Josh Hamilton","Geoff Pierson","Cheryl Lawson"],"foreign_revenue":115476509,"release_date":"11/09/2011","genre":["Biography","Crime","Drama"],"domestic_revenue":33987757,"poster":"http://ia.media-imdb.com/images/M/MV5BMTc0NDM4ODU2Nl5BMl5BanBnXkFtZTcwNzQ0NTg4Ng@@._V1_SX300.jpg"},
{"production_cost":32000000,"public_rating":6.4,"director":"Sam Raimi","description":"Lady avenger returns to western town owned by a ruthless gunslinger hosting an elimination tournament.","runtime":107,"title":"The Quick and the Dead","critic_rating":53,"actor_names":["Sharon Stone","Gene Hackman","Russell Crowe","Leonardo DiCaprio"],"foreign_revenue":39990165,"release_date":"02/10/1995","genre":["Action","Thriller","Western"],"domestic_revenue":17804299,"poster":"http://ia.media-imdb.com/images/M/MV5BMTcxNTA4MjQ4NF5BMl5BanBnXkFtZTcwMzM2OTkxMQ@@._V1_SX300.jpg"},
{"production_cost":100000000,"public_rating":6,"director":"Florian Henckel von Donnersmarck","description":"Revolves around Frank, an American tourist visiting Italy to mend a broken heart. Elise is an extraordinary woman who deliberately crosses his path.","runtime":103,"title":"The Tourist","critic_rating":20,"actor_names":["Johnny Depp","Angelina Jolie","Paul Bettany","Timothy Dalton"],"foreign_revenue":278731369,"release_date":"12/10/2010","genre":["Action","Romance","Thriller"],"domestic_revenue":67631157,"poster":"http://ia.media-imdb.com/images/M/MV5BMTMyMzc3OTkwMV5BMl5BanBnXkFtZTcwMjc0MTgwNA@@._V1_SX300.jpg"},
{"production_cost":100000000,"public_rating":6.3,"director":"Wally Pfister","description":"A scientist's drive for artificial intelligence, takes on dangerous implications when his consciousness is uploaded into one such program.","runtime":119,"title":"Transcendence","critic_rating":19,"actor_names":["Johnny Depp","Rebecca Hall","Paul Bettany","Cillian Murphy"],"foreign_revenue":90022309,"release_date":"04/18/2014","genre":["Drama","Mystery","Sci-Fi"],"domestic_revenue":23022309,"poster":"http://ia.media-imdb.com/images/M/MV5BMTc1MjQ3ODAyOV5BMl5BanBnXkFtZTgwNjI1NDQ0MTE@._V1_SX300.jpg"},
{"production_cost":40000000,"public_rating":6.6,"director":"David Koepp","description":"A writer is accused for plagiarism by a strange man, who then starts haunting him for justice.","runtime":96,"title":"Secret Window","critic_rating":53,"actor_names":["Johnny Depp","John Turturro","Maria Bello","Timothy Hutton"],"foreign_revenue":59447013,"release_date":"03/12/2004","genre":["Mystery","Thriller"],"domestic_revenue":47047013,"poster":"http://ia.media-imdb.com/images/M/MV5BMTU5NDY4MjAxNl5BMl5BanBnXkFtZTcwMDQ0ODUyMQ@@._V1_SX300.jpg"},
{"production_cost":38000000,"public_rating":6.7,"director":"Roman Polanski","description":"A rare book dealer, while seeking out the last two copies of a demon text, gets drawn into a conspiracy with supernatural overtones.","runtime":133,"title":"The Ninth Gate","critic_rating":52,"actor_names":["Johnny Depp","Frank Langella","Lena Olin","Emmanuelle Seigner"],"foreign_revenue":19317765,"release_date":"03/10/2000","genre":["Mystery","Thriller"],"domestic_revenue":16991902,"poster":"http://ia.media-imdb.com/images/M/MV5BMTk2NTI4NDYzMl5BMl5BanBnXkFtZTcwNzgxMDU0MQ@@._V1_SX300.jpg"},
{"production_cost":35000000,"public_rating":7.8,"director":"Mike Newell","description":"An FBI undercover agent infilitrates the mob and finds himself identifying more with the mafia life to the expense of his regular one.","runtime":127,"title":"Donnie Brasco","critic_rating":33,"actor_names":["Al Pacino","Johnny Depp","Michael Madsen","Bruno Kirby"],"foreign_revenue":103787401,"release_date":"02/28/1997","genre":["Biography","Crime","Drama"],"domestic_revenue":40119709,"poster":"http://ia.media-imdb.com/images/M/MV5BNjYwMTI0NzUzOV5BMl5BanBnXkFtZTgwNjk3NjQxMTE@._V1_SX300.jpg"},
{"production_cost":35000000,"public_rating":6.8,"director":"Albert Hughes, Allen Hughes","description":"In Victorian Era London, a troubled clairvoyant police detective investigates the murders by Jack The Ripper.","runtime":122,"title":"From Hell","critic_rating":17,"actor_names":["Johnny Depp","Heather Graham","Ian Holm","Robbie Coltrane"],"foreign_revenue":30307804,"release_date":"10/19/2001","genre":["Horror","Mystery","Thriller"],"domestic_revenue":30307804,"poster":"http://ia.media-imdb.com/images/M/MV5BMTM1MjkxNTQxMV5BMl5BanBnXkFtZTYwMDMxNDg2._V1_SX300.jpg"},
{"production_cost":90000000,"public_rating":7.1,"director":"Bryan Singer","description":"A dramatization of the 20 July assassination and political coup plot by desperate renegade German Army officers against Hitler during World War II.","runtime":121,"title":"Valkyrie","critic_rating":62,"actor_names":["Tom Cruise","Kenneth Branagh","Bill Nighy","Tom Wilkinson"],"foreign_revenue":203902107,"release_date":"12/25/2008","genre":["Drama","History","Thriller"],"domestic_revenue":83077762,"poster":"http://ia.media-imdb.com/images/M/MV5BMTg3Njc2ODEyN15BMl5BanBnXkFtZTcwNTAwMzc3NA@@._V1_SX300.jpg"},
{"production_cost":80000000,"public_rating":7.1,"director":"Brian De Palma","description":"An American agent, under false suspicion of disloyalty, must discover and expose the real spy without the help of his organization.","runtime":110,"title":"Mission: Impossible","critic_rating":93,"actor_names":["Tom Cruise","Jon Voight","Emmanuelle BÃ©art","Henry Czerny"],"foreign_revenue":457697994,"release_date":"05/21/1996","genre":["Action","Adventure","Thriller"],"domestic_revenue":180981886,"poster":"http://ia.media-imdb.com/images/M/MV5BMTc3NjI2MjU0Nl5BMl5BanBnXkFtZTgwNDk3ODYxMTE@._V1_SX300.jpg"},
{"production_cost":70000000,"public_rating":6.9,"director":"Cameron Crowe","description":"A self-indulgent and vain publishing magnate finds his privileged life upended after a vehicular accident with a resentful lover.","runtime":136,"title":"Vanilla Sky","critic_rating":41,"actor_names":["Tom Cruise","PenÃ©lope Cruz","Cameron Diaz","Kurt Russell"],"foreign_revenue":202726605,"release_date":"12/14/2001","genre":["Fantasy","Mystery","Romance"],"domestic_revenue":100614858,"poster":"http://ia.media-imdb.com/images/M/MV5BMTQ2OTQ4NDAzMV5BMl5BanBnXkFtZTcwNjYxNDI4OA@@._V1_SX300.jpg"},
{"production_cost":65000000,"public_rating":7.3,"director":"Stanley Kubrick","description":"A New York City doctor, who is married to an art curator, pushes himself on a harrowing and dangerous night-long odyssey of sexual and moral discovery after his wife admits that she once almost cheated on him.","runtime":159,"title":"Eyes Wide Shut","critic_rating":77,"actor_names":["Tom Cruise","Nicole Kidman","Sydney Pollack","Marie Richardson"],"foreign_revenue":86257553,"release_date":"07/16/1999","genre":["Drama","Mystery","Romance"],"domestic_revenue":55691208,"poster":"http://ia.media-imdb.com/images/M/MV5BMjA5NTUwNjI1N15BMl5BanBnXkFtZTYwOTE1ODc5._V1_SX300.jpg"},
{"production_cost":60000000,"public_rating":7.6,"director":"Michael Mann","description":"A cab driver finds himself the hostage of an engaging contract killer as he makes his rounds from hit to hit during one night in Los Angeles. He must find a way to save both himself and one last victim.","runtime":120,"title":"Collateral","critic_rating":54,"actor_names":["Tom Cruise","Jamie Foxx","Jada Pinkett Smith","Mark Ruffalo"],"foreign_revenue":200700000,"release_date":"08/06/2004","genre":["Crime","Drama","Thriller"],"domestic_revenue":93375151,"poster":"http://ia.media-imdb.com/images/M/MV5BMjE3NjM5OTMxMV5BMl5BanBnXkFtZTcwOTIzMTQyMw@@._V1_SX300.jpg"},
{"production_cost":60000000,"public_rating":5.8,"director":"Tony Scott","description":"A young hot-shot stock car driver gets his chance to compete at the top level.","runtime":107,"title":"Days of Thunder","critic_rating":6,"actor_names":["Tom Cruise","Nicole Kidman","Robert Duvall","Randy Quaid"],"foreign_revenue":135015330,"release_date":"06/27/1990","genre":["Action","Drama","Sport"],"domestic_revenue":82571173,"poster":"http://ia.media-imdb.com/images/M/MV5BMTIzODAwODIzNV5BMl5BanBnXkFtZTcwMjA3NzgxMQ@@._V1_SX300.jpg"},
{"production_cost":60000000,"public_rating":7,"director":"Christopher McQuarrie","description":"A homicide investigator digs deeper into a case involving a trained military sniper who shot five random victims.","runtime":130,"title":"Jack Reacher","critic_rating":39,"actor_names":["Tom Cruise","Rosamund Pike","Richard Jenkins","David Oyelowo"],"foreign_revenue":118706816,"release_date":"12/21/2012","genre":["Action","Crime","Thriller"],"domestic_revenue":77906816,"poster":"http://ia.media-imdb.com/images/M/MV5BMTM1NjUxMDI3OV5BMl5BanBnXkFtZTcwNjg1ODM3OA@@._V1_SX300.jpg"},
{"production_cost":50000000,"public_rating":7.3,"director":"Cameron Crowe","description":"When a sports agent has a moral epiphany and is fired for expressing it, he decides to put his new philosophy to the test as an independent with the only athlete who stays with him.","runtime":139,"title":"Jerry Maguire","critic_rating":86,"actor_names":["Tom Cruise","Cuba Gooding Jr.","RenÃ©e Zellweger","Kelly Preston"],"foreign_revenue":314111923,"release_date":"12/13/1996","genre":["Comedy","Drama","Romance"],"domestic_revenue":148478011,"poster":"http://ia.media-imdb.com/images/M/MV5BMTkxNjc2NjQwOF5BMl5BanBnXkFtZTcwMDE2NDU2MQ@@._V1_SX300.jpg"},
{"production_cost":42000000,"public_rating":6.8,"director":"Sydney Pollack","description":"A young lawyer joins a prestigious law firm only to discover that it has a sinister dark side.","runtime":154,"title":"The Firm","critic_rating":83,"actor_names":["Tom Cruise","Jeanne Tripplehorn","Gene Hackman","Hal Holbrook"],"foreign_revenue":363728226,"release_date":"06/30/1993","genre":["Drama","Mystery","Thriller"],"domestic_revenue":116089678,"poster":"http://ia.media-imdb.com/images/M/MV5BMTgxMjM5NDYwM15BMl5BanBnXkFtZTgwODkzMzk5MDE@._V1_SX300.jpg"},
{"production_cost":36000000,"public_rating":8,"director":"Paul Thomas Anderson","description":"An epic mosaic of interrelated characters in search of love, forgiveness, and meaning in the San Fernando Valley.","runtime":188,"title":"Magnolia","critic_rating":55,"actor_names":["Julianne Moore","William H.Macy","John C.Reilly","Tom Cruise"],"foreign_revenue":193737977,"release_date":"12/17/1999","genre":["Drama"],"domestic_revenue":99967670,"poster":"http://ia.media-imdb.com/images/M/MV5BNzMzMDgyNTIzOF5BMl5BanBnXkFtZTcwOTk0MDg2OQ@@._V1_SX300.jpg"},
{"production_cost":35000000,"public_rating":6.2,"director":"Robert Redford","description":"Injuries sustained by two Army rangers behind enemy lines in Afghanistan set off a sequence of events involving a congressman, a journalist and a professor.","runtime":92,"title":"Lions for Lambs","critic_rating":84,"actor_names":["Robert Redford","Meryl Streep","Tom Cruise","Michael PeÃ±a"],"foreign_revenue":62305665,"release_date":"11/09/2007","genre":["Drama","Thriller","War"],"domestic_revenue":13305665,"poster":"http://ia.media-imdb.com/images/M/MV5BMTcyMzc0MzYyM15BMl5BanBnXkFtZTcwMTM2NDk0NA@@._V1_SX300.jpg"},
{"production_cost":33000000,"public_rating":7.6,"director":"Rob Reiner","description":"Neo military lawyer Kaffee defends Marines accused of murder; they contend they were acting under orders.","runtime":138,"title":"A Few Good Men","critic_rating":32,"actor_names":["Tom Cruise","Jack Nicholson","Demi Moore","Kevin Bacon"],"foreign_revenue":79958599,"release_date":"12/11/1992","genre":["Crime","Drama","Mystery"],"domestic_revenue":51758599,"poster":"http://ia.media-imdb.com/images/M/MV5BMTkzNzE3Njg4Ml5BMl5BanBnXkFtZTYwMjA4NzM5._V1_SX300.jpg"}]

